@misc{github,
	author = {umutkaanbaser},
	title = {plakatanimasistemi},
	howpublished = {\url{https://github.com/umutkaanbaser/plakatanimasistemi.git}},
	note = {18.03.2024},
	year = {2022}
}
@misc{youtube,
	author = {Serhat Kağan Şahin},
	title = {Otopark Boş Alan Tespiti Bölüm - 1 ve Otopark Boş Alan Tespiti Bölüm - 2},
	howpublished = {\url{https://www.youtube.com/@SerhatKaganSahin}},
	note = {14.04.2024},
	year = {2023}
}
@misc{chatgpt35,
	author = {OpenAI},
	title = {ChatGPT-3.5},
	year = {2021},
	note = {Kodun bazı yerleri ChatGPT 3.5 tarafından yazılmıştır.}
}
@misc{dataset,
	author = {BOHDAN FEDORAK},
	title = {Parking Lot Dataset},
	howpublished = {\url{https://www.kaggle.com/datasets/blanderbuss/parking-lot-dataset}},
	note = {01.05.2024},
	year = {2019}
}
@misc{ kitap,
	author = "DR.ÖGR.ÜYESİ SİNAN UĞUZ",
	title = "Makine Öğrenmesi Teorik Yönleri ve Python Uygulamaları",
	year = "2021",
	note = "[30.04.2024]"
}
@misc{ kitap2,
	author = "ZAFER DEMİRKOL",
	title = "Herkes İçin Yapay Zeka",
	year = "2021",
	note = "[07.05.2024]"
}
@misc{roboflowSite,
	author = {Roboflow},
	title = {Roboflow},
	howpublished = {\url{https://roboflow.com/}},
	note = {09.05.2024},
	year = {2024}
}
@misc{basarasizkod,
	author = {freedomwebtech},
	title = {yolov8-advance-parkingspace-detection},
	howpublished = {\url{https://github.com/freedomwebtech/yolov8-advance-parkingspace-detection}},
	note = {09.05.2024},
	year = {2024}
}
@misc{yapayZekaKod,
	author = {Roboflow},
	title = {train-yolov8-object-detection-on-custom-dataset.ipynb},
	howpublished = {\url{https://colab.research.google.com/drive/1T4-PMP0CW16Zt4J2tt47SjAheQfdL7G9#scrollTo=tdSMcABDNKW-}},
	note = {09.05.2024},
	year = {2024}
}
@misc{kod2,
	author = {Ultralytics},
	title = {Ultralytic Eğitimi},
	howpublished = {\url{https://docs.ultralytics.com/tr/reference/utils/metrics/#ultralytics.utils.metrics.PoseMetrics.__init__}},
	note = {28.05.2024},
	year = {2022}
}
@misc{result,
	author = {Ultralytics},
	title = {Ultralytic Eğitimi Plotting},
	howpublished = {\url{https://docs.ultralytics.com/reference/utils/plotting/#ultralytics.utils.plotting.plot_results}},
	note = {25.05.2024},
	year = {2022}
}
@misc{colab,
	author = {Colaboratory},
	title = {ColabSure},
	howpublished = {\url{https://colab.research.google.com/}},
	note = {22.05.2024},
	year = {2015}
}
@misc{makale,
	author = {Mustafa ORAL and Umut ÇELİK},
	title = {MOTORLU ARAÇ PLAKA GÖRÜNTÜLERİNDEN KARAKTER AYRIŞTIRMA VE TANIMA},
	howpublished = {\url{https://www.researchgate.net/publication/267450862_MOTORLU_ARAC_PLAKA_GORUNTULERINDEN_KARAKTER_AYRISTIRMA_VE_TANIMA}},
	note = {20.05.2024},
	year = {2003}
}
 @article{article_1098978, title={Akıllı Otopark Sistemlerinde Kullanılan Araç Tanıma Teknolojileri Üzerine Bir İnceleme}, journal={Akıllı Ulaşım Sistemleri ve Uygulamaları Dergisi}, volume={5}, pages={53–72}, year={2022}, DOI={10.51513/jitsa.1098978}, author={Doğaroğlu, Bora and Çalışkanelli, S.pelin}, keywords={Akıllı ulaşım sistemi, akıllı otopark sistemi, araç detektörleri, araç tanıma sistemleri, otopark detektör teknolojileri}, abstract={Günümüz şehir planlama ve yönetimi için trafik talebindeki artışın paralelinde otopark talebindeki artış acil çözüm bekleyen sorunlar arasında yer almaktadır. Özellikle otopark talebinin yüksek olduğu şehir merkezlerinde yeterli alan bulunmaması otopark altyapı tesislerinin inşasına olanak tanımamaktadır. Soruna yaygın çözüm olarak kullanılan yöntem mevcut kapasitenin etkin kullanımı ve talep yönetimidir. Akıllı ulaşım sistemleri özellikle Akıllı Otopark Sistemleri (AOS) özelinde düşünüldüğünde kapasitenin uygun kullanımı ve talep yönetimi için en güncel yöntem olarak tercih edilmektedir. AOS’un etkin uygulanabilmesi de etkin araç tanıma ve detektör teknolojilerine bağlıdır. Bu çalışmada AOS’un verimliliği için etken olan araç tanıma detektör sistemleri kategorize edilerek tanıtılmış ayrıca yaygın kullanılan detektör teknolojilerinin avantajları ve dezavantajları dikkate alınarak kıyaslamaları yapılmıştır. Sunulan sınıflandırmalar ile AOS tasarımı yapılırken kullanılacak etkin teknoloji seçimi konusunda yardımcı olmak amaçlanmıştır.}, number={2}, publisher={Bandırma Onyedi Eylül Üniversitesi} }
 @phdthesis{yavuz,
 	author={Yavuz,Gö},
 	year={2008},
 	month={2008},
 	title={Plaka Tanima Sistemi},
 	journal={PQDT - Global},
 	pages={76},
 	note={Telif Hakkı - Database copyright ProQuest LLC; ProQuest does not claim copyright in the individual underlying works; Son güncelleme - 2024-04-22},
 	abstract={Plaka tanıma sistemi, üç temel bileşenden oluşur. Bu temel bileşenler; sayısal bir görüntüden plaka bölgesinin bulunması, bulunan plaka bölgesindeki karakterlerin ayrıştırılması ve ayrıştırılan karakterlerin tanınmasıdır.Sistem önden ve arkadan alınan araç görüntüsündeki plaka alanının çizgiye dayalı metot kullanarak belirlenmesine ve karakter tanıma kısmına bağlıdır. Çizgiye dayalı metot, araba görüntüsünün enine kesitini gözlemlemeye dayanmaktadır. Enine kesit plaka numarası alanını kestiği zaman plaka alanı tespit edilir. Görüntü üzerinde plaka alanı bulunduktan sonra karakter ayrıştırma işlemi yapılmaktadır. Karakter ayrıştırma için yatay bölünme, dikey bölünme ve karakter seçimi işlemleri uygulanmaktadır. Karakter ayrıştırma işlemi tamamlandıktan sonra şablon eşleme yaklaşımı ile karakter tanıma işlemi yerine getirilmektedir.Sistemin başarı performansı, sırası ile plaka bölgesinin tespitinde %92, plaka karakterlerinin bölünmesinde %95 ve plaka karakterlerinin tanınmasında %90 olarak elde edilmiştir.Alternatif özet:License plate recognition system is comprised of three main components. These main components are the detection of the region of license plate, segmentation of the characters in the region of license plate found and recognition of the characters extricated.The system is connected to the determination of license plate region within the image of vehicle from the front and from behind through the line-based method and to character recognition system. The line-based method is based on the observation of cross section of vehicle image. When cross section cuts the region of license plate number, the license plate region determined. Following the finding of license plate region, characters are extricated. Horizontal segmentation, vertical segmentation and character recognition process is completed through template matching approach.The success rate of system is obtained as 92% in the process regarding the determination of license plate region, 95% in the process concerning the segmentation of license plate characters and 90% in the recognition of license plate characters.},
 	keywords={Operating systems; C plus plus; Identification systems; License plates; Computer science; 0984:Computer science},
 	isbn={9798835599424},
 	language={Turkish},
 	url={https://www.proquest.com/dissertations-theses/plaka-tanima-sistemi/docview/2689294623/se-2},
 }
  @article{article_87879, title={Bilgisayar Tabanlı Araç Plaka Tanıma Sistemi}, journal={Bilişim Teknolojileri Dergisi}, volume={1}, year={2010}, author={Bingöl, Okan and Kuşcu, Ömer}, keywords={Görüntü İşleme, Plaka Tanıma Sistemi}, abstract={Bu çalışmada, araç plaka tanıma sistemi gerçekleştirilmiştir. Araç plaka tanıma sistemleri, hız ihlali, kırmızı ışık ihlali, paralı otoyol geçişleri, otopark girişleri vb yerlerde kullanılmaktadır. Tasarlanan plaka tanıma sistemi üç önemli aşamadan oluşmaktadır. Bunlar: plaka bölgesinin bulunması işlemi, karakter ayrıştırma işlemi ve karakter tanıma işlemidir. Plaka bölgesinin bulunması işlemi için kenar bulma algoritmaları, karakter ayrıştırma işlemi için blob coloring algoritması, karakter tanıma işlemi için ise şablon eşleştirme algoritması kullanılmıştır. Sistem 100 ayrı araç resmi işlenerek test edilmiştir.}, number={3}, publisher={Gazi Üniversitesi} }
   @article{article_515830, title={Derin Öğrenme Tabanlı Otomatik Plaka Tanıma}, journal={Politeknik Dergisi}, volume={23}, pages={955–960}, year={2020}, DOI={10.2339/politeknik.515830}, author={Bayram, Fatih}, keywords={Otomatik plaka tanıma,derin öğrenme,maskeli bölgesel evrişimsel sinir ağları}, abstract={<p class="MsoNormal" style="margin-top:3pt;margin-right:0cm;margin-bottom:3pt;margin-left:0cm;text-align:justify;"> <span lang="tr" style="font-size:9pt;font-family:’Times New Roman’, serif;" xml:lang="tr">Günümüzde araç
  		sayısındaki artış plaka tanıma sistemlerine olan ihtiyacı arttırmıştır.
  		Otomatik plaka tanıma sistemleri trafik denetim işlemleri, otoyol geçişleri,
  		otopark giriş-çıkış kontrolleri ve daha birçok alanda yaygın olarak
  		kullanılmaktadır. Geleneksel görüntü işleme teknikleri ile ham görüntü çok
  		fazla önişlemden geçirilmesi gerekmekte iken, bu alandaki son gelişmelerle
  		birlikte önişlem süreçleri önemli ölçüde azalmış ve başarım oranları artmıştır. </span> </p> <p> </p> <p class="MsoNormal" style="margin-top:3pt;margin-right:0cm;margin-bottom:3pt;margin-left:0cm;text-align:justify;"> <span lang="tr" style="font-size:9pt;font-family:’Times New Roman’, serif;" xml:lang="tr">Bu çalışmada
  		kamera görüntülerinden otomatik olarak plaka tanıyabilen bir sistem
  		geliştirilmiştir. Geliştirilen sistem bilgisayarla görü alanındaki en ileri
  		derin öğrenme tekniklerinden olan Maskeli Bölgesel Evrişimsel Sinir Ağları
  		(M-BESA) tabanlıdır. Bu makalede evrişimsel sinir ağları ve kullanılan M-BESA
  		modeli elde edilen sonuçlarıyla birlikte açıklanmıştır.   </span> </p> <p> </p>}, number={4}, publisher={Gazi Üniversitesi} }