@misc{Gan-nedir,
	author = {İşnet blog},
	title = { gan nedir },
	howpublished = {https://www.isnet.net.tr/blogicerik/generative-ai-nedir/},
	note = {Accessed: 09.03.2024},
	year = {(Jan 4, 2019)}
}
@misc{Dikkate-dayalı-modelleme,
	author = {Jacob Devlin},
	title = { Dil Anlamak için Derin Çift Yönlü Transformatörlerin Ön Eğitimi Erişim adresi},
	howpublished = {https://arxiv.org/abs/1810.04805},
	note = {Accessed: 10.03.2024},
	year = { (11 ekim 2023)}
}
@misc{transformator1,
	author = {maxime },
	title = { hat is a Transformer? },
	howpublished ={https://medium.com/inside-machine-learning/what-is-a-transformer-d07dd1fbec04 },
	note = {Accessed: 09.03.2024},
	year = { (Jan 4, 2019)}
}
@misc{transformator2,
	author = {Ashish Vaswani},
	title = {Attention Is All You Nee},
	howpublished ={[https://arxiv.org/abs/1706.03762 ]},
	note = {Accessed: 10.03.2024},
	year = {(02.08. 2023)}
}

@misc{spaCy,
	author = {spacy},
	title = { Industrial-StrengthNatural Language Processing},
	howpublished = {[https://spacy.io/]},
	note = {Accessed: 10.03.2024},
	year = {(3 jun 2023)},
}	
@misc{svd,
	author = {Andreas Blattmann },
	title =   {Stable Video Diffusion: Scaling Latent Video Diffusion Models to Large Datasets},
	howpublished ={ [https://arxiv.org/abs/2311.15127]},
	note = {Accessed:13.03.2024},
	year = {(nov 25, 2023)}
}	
@article{yakar2020yapay,
	title={Yapay zek{\^a} {\.I}le {\"u}retilen g{\"o}rsel sanatlar eserlerinde fikr{\^\i} m{\"u}lkiyet},
	author={Yakar, G{\"u}ll{\"u} and KINIK, Mustafa},
	journal={Art-e Sanat Dergisi},
	volume={13},
	number={26},
	pages={490--516},
	year={2020},
	publisher={S{\"u}leyman Demirel University}
}
@article{aslan2023metinden,
	title={Metinden G{\"o}r{\"u}nt{\"u} {\"U}retme Potansiyeli Olan Yapay Zek{\^a} Sistemleri Sanat ve Tasar{\i}m Performanslar{\i}n{\i}n {\.I}ncelenmesi},
	author={ASLAN, Tamer and AYDIN, Kemal},
	journal={Ondokuz Mayis University Journal of Education Faculty},
	volume={42},
	number={2},
	pages={1049--1198},
	year={2023},
	publisher={Ondokuz May{\i}s University}
}

@article{wang2018assessment,
	title={Assessment of performance of the Gail model for predicting breast cancer risk: a systematic review and meta-analysis with trial sequential analysis},
	author={Wang, Xin and Huang, Yubei and Li, Lian and Dai, Hongji and Song, Fengju and Chen, Kexin},
	journal={Breast Cancer Research},
	volume={20},
	pages={1--19},
	year={2018},
	publisher={Springer}
}

@misc{Landscape-Pictures,
	author = {ARNAUD ROUGETET },
	title =   {Landscape Pictures},
	howpublished = {[https://www.kaggle.com/datasets/arnaud58/landscape-pictures]},
	note = {Accessed:10.03.2023},
	year = {(nov 15, 2020)}
}	

@misc{litter-on-forest-floor,
	author ={MILAN KALKENINGS },
	title ={Litter on forest floor},
	howpublished ={ [https://www.kaggle.com/datasets/milankalkenings/litter-on-forest-floor]},
	note = {Accessed:10.03.2023},
	year = {(15.03, 2023)}
}	

@misc{weather-dataset,
	author = {JEHAN BHATHENA},
	title = {Weather Image Recognition},
	howpublished = {[https://www.kaggle.com/datasets/jehanbhathena/weather-dataset]},
	note = {Accessed:10.03.2022},
	year = {(15.03, 2023)}
}	



@misc{Automatic1111,
	author = {can sungur},
	title = {Stable Diffusion 'ı Anlamak: Negatif Pozitif PROMPT, Neural Network},
	howpublished={[https://www.youtube.com/watch?v=9YPoQFxbTqk]},
	note = {Accessed:02.11.2020},
	year = {(15.03, 2023)}
}
@misc{civitai,
	author = {Civit ai},
	title ={ models},
	howpublished = {[https://civitai.com/models/86963/landscapesupermix]},
	note = {Accessed:02.11.2020},
	year = {(15.03, 2024)}
}

@misc{civitai,
	author = {Cİvit ai},
	title = {models},
	howpublished ={[https://civitai.com/models/86963/landscapesupermix]},
	note = {Accessed:02.11.2020},
	year = {(15.03, 2024)}
}
@misc{github1111,
	author = {AUTOMATIC1111},
	title = {models},
	howpublished = {[https://github.com/AUTOMATIC1111]},
	note = {Accessed:02.11.2020},
	year = {(15.03, 2024)}
}
@misc{mimari,
	author = {Ege Demir},
	title = {Transformer’ı Anlamak — Bölüm 1},
	howpublished = {https://demegire.medium.com/transformer%C4%B1-anlamak-b%C3%B6l%C3%BCm-1-309c401cfdfb},
	note = {Accessed:02.11.2020},
	year = {(03.03, 2024)}
}

@misc{kagle,
	author = {Ege Demir},
	title ={stable_difussion_cuda_Version},
	howpublished = {https://www.kaggle.com/code/rupakroy/stable-difussion-cuda-version},
	note = {Accessed:02.11.2020},
	year = {(03.02, 2024)}
}

@misc{w2w,
	author = {google},
	title = {word2vec},
	howpublished = {https://code.google.com/archive/p/word2vec/},
	note = {Accessed: 13.05.2024},
	year = {(Jul 30, 2013)}
}
@misc{gensim,
	author = {gensim},
	title = {Read the Docs: documentation simplified},
	howpublished = {https://docs.readthedocs.io/},
	note = {Accessed: 13.05.2024},
}
@misc{unsplash,
	author = {unsplash},
	title = {The most powerful photo engine in the world.},
	howpublished = {https://unsplash.com/developers},
	note = {Accessed: 27.05.2024},
}








