@article{badue2021self,
  title={Self-driving cars: A survey},
  author={Badue, Claudine and Guidolini, R{\^a}nik and Carneiro, Raphael Vivacqua and Azevedo, Pedro and Cardoso, Vinicius B and Forechi, Avelino and Jesus, Luan and Berriel, Rodrigo and Paixao, Thiago M and Mutz, Filipe and others},
  journal={Expert systems with applications},
  volume={165},
  pages={113816},
  year={2021},
  publisher={Elsevier}
}
@article{yiugit2020otonom,
  title={Otonom Ara{\c{c}}lar{\i}n Otomotiv Sekt{\"o}r{\"u}ne Etkileri ve Beraberinde Getirdi{\u{g}}i Yenilikler},
  author={Yi{\u{g}}it, Erkut and ONER, Ahmet Erdem and Y{\"o}ntem, Or{\c{c}}un},
  journal={Avrupa Bilim ve Teknoloji Dergisi},
  pages={181--186},
  year={2020},
  publisher={Osman SA{\u{G}}DI{\c{C}}}
}
@book{chai2021autonomous,
  title={Autonomous driving changes the future},
  author={Chai, Zhanxiang and Nie, Tianxin and Becker, Jan},
  year={2021},
  publisher={Springer}
}
@article{madan2022road,
  title={Road lane line detection using OpenCV},
  author={Madan, AK and Jharwal, Divyansha},
  journal={International research journal of modernization in Engineering Technology and Sciences (IRJETS)},
  year={2022}
}
@article{saadna2019speed,
  title={Speed limit sign detection and recognition system using SVM and MNIST datasets},
  author={Saadna, Yassmina and Behloul, Ali and Mezzoudj, Saliha},
  journal={Neural Computing and Applications},
  volume={31},
  number={9},
  pages={5005--5015},
  year={2019},
  publisher={Springer}
}
@article{ni2020survey,
  title={A survey on theories and applications for self-driving cars based on deep learning methods},
  author={Ni, Jianjun and Chen, Yinan and Chen, Yan and Zhu, Jinxiu and Ali, Deena and Cao, Weidong},
  journal={Applied Sciences},
  volume={10},
  number={8},
  pages={2749},
  year={2020},
  publisher={MDPI}
}
@article{simhambhatla2019self,
  title={Self-driving cars: Evaluation of deep learning techniques for object detection in different driving conditions},
  author={Simhambhatla, Ramesh and Okiah, Kevin and Kuchkula, Shravan and Slater, Robert},
  journal={SMU Data Science Review},
  volume={2},
  number={1},
  pages={23},
  year={2019}
}
@inproceedings{smolyakov2018self,
  title={Self-driving car steering angle prediction based on deep neural network an example of CarND udacity simulator},
  author={Smolyakov, MV and Frolov, AI and Volkov, VN and Stelmashchuk, IV},
  booktitle={2018 IEEE 12th international conference on application of information and communication technologies (AICT)},
  pages={1--5},
  year={2018},
  organization={IEEE}
}