@misc{Cyber_attack,
    author = {Mariah St. John},
    title = {Cybersecurity Stats: Facts And Figures You Should Know},
    howpublished = {\url{https://www.forbes.com/advisor/education/it-and-tech/cybersecurity-statistics/}},
    note = {Erişim Tarihi: 21 Nisan 2024},   
}
@misc{kaggle,
    author = {Elias Dabbas},
    title = {Web Server Access Logs},
    howpublished = {\url{https://www.kaggle.com/datasets/eliasdabbas/web-server-access-logs}},
    note = {Erişim Tarihi: 15 Nisan 2024},
}
@misc{big.txt,
    author = {HNK7},
    title = {wordlists},
    howpublished = {\url{https://github.com/v0re/dirb/blob/master/wordlists/big.txt}},
    note = {Erişim Tarihi: 28 Mart 2024},
}
@misc{GTFOBins,
    author = {Epinna and Andrea Cardaci},
    title = {GTFOBins},
    howpublished = {\url{https://gtfobins.github.io}},
    note = {Erişim Tarihi: 15 Nisan 2024},
}
@misc{avesis,
    author = {Emre Güngör},
    title = {Emre Güngör},
    howpublished = {\url{https://avesis.ksbu.edu.tr/emre.gungor}},
    note = {Erişim Tarihi: 22 Nisan 2024},
}
@misc{colab,
    title = {Google Colab},
    howpublished = {\url{https://colab.google}},
    note = {Erişim Tarihi: 22 Nisan 2024},
}
@misc{T4,
    author = {NVIDIA},
    title = {NVIDIA TURING GPU ARCHITECTURE},
    howpublished = {\url{https://images.nvidia.com/aem-dam/en-zz/Solutions/design-visualization/technologies/turing-architecture/NVIDIA-Turing-Architecture-Whitepaper.pdf}},
    note = {Erişim Tarihi: 25 Nisan 2024},
}

@misc{Metrik,
    author = {Mehmet Fatih AKCA},
    title = {Sınıflandırma Problemlerindeki Metrikler},
    howpublished = {\url{https://medium.com/deep-learning-turkiye/sınıflandırma-problemlerindeki-metrikler-33ee5f30f8eb}},
    note = {Erişim Tarihi: 29 Mayıs 2024},
}
@misc{gobuster,
    author = {OJ},
    title = {Gobuster},
    howpublished = {\url{https://github.com/OJ/gobuster}},
    note = {Erişim Tarihi: 13 Haziran 2024},
}
@misc{Dirbuster,
    author = {KajanM},
    title = {DirBuster},
    howpublished = {\url{https://github.com/KajanM/DirBuster}},
    note = {Erişim Tarihi: 13 Haziran 2024},
}