@online{muratt_yucedag,
	author       = {Murat Yücedağ},
	title        = {Murat Yücedağ YouTube Kanalı},
	year         = {YYYY}, % Yayın yılı
	url          = {https://www.youtube.com/MurattYucedag},
	note         = {Erişim Tarihi: DD Ay YYYY} % Erişim tarihi
}
@online{chatgpt,
	author    = {OpenAI},
	title     = {ChatGPT},
	year      = {2022},
	url       = {https://openai.com/gpt},
	urldate   = {2024-03-21}
}
@online{bootstrap,
	author    = {{The Bootstrap Authors}},
	title     = {Bootstrap},
	year      = {2024},
	url       = {https://getbootstrap.com/},
	note      = {Erişim Tarihi: 04 Haziran 2024}
}
@online{datatables,
	author    = {{DataTables Authors}},
	title     = {DataTables},
	year      = {2024},
	url       = {https://datatables.net/},
	note      = {Erişim Tarihi: 04 Haziran 2024}
}
@online{badem2024,
	author    = {Halil Han Badem},
	title     = {PostgreSQL'de Türkiye Sorunu ve Windows Güncellemesi},
	year      = {2024},
	url       = {https://tr.linkedin.com/pulse/postgresqlde-t%C3%BCrkiye-sorunu-windows-g%C3%BCncellemesi-halil-han-badem-7kxhf},
	note      = {Erişim Tarihi: 04 Haziran 2024}
}
@online{jivochat2024,
	author    = {{JivoChat}},
	title     = {Pop-up Nedir?},
	year      = {2024},
	url       = {https://www.jivochat.com.tr/blog/araclar/popup-nedir.html},
	note      = {Erişim Tarihi: 04 Haziran 2024}
}
