@article{Ganel_2021,
	title         = {The effect of smiling on the perceived age of male and female faces across the lifespan},
	author        = {Ganel, Tzvi and Goodale, Melvyn A.},
	year          = {2021},
	month         = nov,
	journal       = {Scientific Reports},
	publisher     = {Springer Science and Business Media LLC},
	volume        = {11},
	number        = {1},
	doi           = {10.1038/s41598-021-02380-2},
	issn          = {2045-2322},
	url           = {http://dx.doi.org/10.1038/s41598-021-02380-2}
}
@misc{Generative-2024-05-31,
	title         = {Generative adversarial network - Wikipedia},
	year          = {2024},
	note          = {Accessed: 2024-05-31},
	howpublished  = {\url{https://en.wikipedia.org/wiki/Generative_adversarial_network}}
}
@misc{What-2024-05-31,
	title         = {What is a Generative Adversarial Network (GAN)? | Definition from TechTarget},
	year          = {2024},
	note          = {Accessed: 2024-05-31},
	howpublished  = {\url{https://www.techtarget.com/searchenterpriseai/definition/generative-adversarial-network-GAN}}
}
@article{Jin_2019,
	title         = {Deep CT to MR Synthesis Using Paired and Unpaired Data},
	author        = {Jin, Cheng-Bin and Kim, Hakil and Liu, Mingjie and Jung, Wonmo and Joo, Seongsu and Park, Eunsik and Ahn, Young and Han, In and Lee, Jae and Cui, Xuenan},
	year          = {2019},
	month         = may,
	journal       = {Sensors},
	publisher     = {MDPI AG},
	volume        = {19},
	number        = {10},
	pages         = {2361},
	doi           = {10.3390/s19102361},
	issn          = {1424-8220},
	url           = {http://dx.doi.org/10.3390/s19102361}
}
@misc{ChatGPT-2024-05-29,
	title         = {ChatGPT},
	year          = {2024},
	note          = {Accessed: 2024-05-29},
	howpublished  = {\url{https://chatgpt.com/c/69804033-f297-43e9-ad28-236da5396a9e}}
}
@misc{Cycle-2024-05-29,
	title         = {Cycle Generative Adversarial Network (CycleGAN) GeeksforGeeks},
	year          = {2024},
	note          = {Accessed: 2024-05-29},
	howpublished  = {\url{https://www.geeksforgeeks.org/cycle-generative-adversarial-network-cyclegan-2/}}
}
@misc{GAN-2024-05-29,
	title         = {GAN CycleGAN (Playing magic with pictures) by Jonathan Hui Medium},
	author        = {Jonathan Hui},
	year          = {2024},
	note          = {Accessed: 2024-05-29},
	howpublished  = {\url{https://jonathan-hui.medium.com/gan-cyclegan-6a50e7600d7}}
}
@misc{Smile-Detection,
	title         = {Smile Detection Using CelebA Dataset SaffatRafiqRaaz},
	year          = {2024},
	note          = {Accessed: 2024-05-29},
	howpublished  = {\url{https://github.com/SaffatRafiqRaaz/Smile-Detection-Using-CelebA-Dataset/blob/main/code/160204041_Smile_Detection_Using_CelebFaces_Dataset.ipynb}}
}
@misc{Introduction-2024-05-22,
	title         = {Introduction to CycleGAN. In this article, we discuss the by Abdulkader Helwan Medium},
	author        = {Abdulkader Helwan},
	year          = {2024},
	note          = {Accessed: 2024-05-22},
	howpublished  = {\url{https://abdulkaderhelwan.medium.com/introduction-to-cyclegan-db1978e8f924}}
}
@misc{Cycle-2024-05-22,
	title         = {Cycle Generative Adversarial Network CycleGAN GeeksforGeeks},
	year          = {2024},
	note          = {Accessed: 2024-05-22},
	howpublished  = {\url{https://www.geeksforgeeks.org/cycle-generative-adversarial-network-cyclegan-2/}}
}
@misc{What-2024-05-22,
	title         = {What is CycleGAN and how to use it? by Yaniv Noema imagescv Medium},
	author        = {Yaniv Noema},
	year          = {2024},
	note          = {Accessed: 2024-05-22},
	howpublished  = {\url{https://medium.com/imagescv/what-is-cyclegan-and-how-to-use-it-2bfc772e6195}}
}
@misc{CycleGAN-2024-05-22,
	title         = {CycleGAN  |  TensorFlow Core},
	howpublished  = {\url{https://www.tensorflow.org/tutorials/generative/cyclegan}
	}
}
@misc{Smiling-2024-05-22,
	title         = {Smiling or Not Face Data},
	year          = {2024},
	note          = {Accessed: 2024-05-22},
	howpublished  = {\url{https://www.kaggle.com/datasets/chazzer/smiling-or-not-face-data}}
}
@misc{a-2024-05-22,
	title         = {Smile Generator with CycleGAN},
	year          = {2024},
	note          = {Accessed: 2024-05-22},
	howpublished  = {\url{https://www.kaggle.com/code/chazzer/smile-generator-with-cyclegan/notebook}}
}
@misc{How-2024-05-22,
	title         = {How to Install tensorflow addons via conda - Stack Overflow},
	year          = {2024},
	note          = {Accessed: 2024-05-22},
	howpublished  = {\url{https://stackoverflow.com/questions/59674901/how-to-install-tensorflow-addons-via-conda}}
}
@misc{SZamboni-CGANCelebA-2024-05-13,
	title         = {Conditional Generative Adversarial NetworkCGAN to generate human faces based on the CelebA dataset implemented with Pytorch. Project for the deep learning course at the University of Trento.},
	year          = {2024},
	note          = {Accessed: 2024-05-13},
	howpublished  = {\url{https://github.com/SZamboni/CGANCelebA}}
}
@article{fu2022styleganhuman,
	title={StyleGAN-Human: A Data-Centric Odyssey of Human Generation},
	author={Fu, Jianglin and Li, Shikai and Jiang, Yuming and Lin, Kwan-Yee and Qian, Chen and Loy, Chen-Change and Wu, Wayne and Liu, Ziwei },
	journal   = {arXiv preprint},
	volume    = {arXiv:2204.11823},
	year    = {2022}
}
@misc{Tek-2024-05-14,
	title         = {Tek Sıcak Kodlamanın Açıklaması | Dahili},
	year          = {2024},
	note          = {Accessed: 2024-05-14},
	howpublished  = {\url{https://builtin.com/articles/one-hot-encoding}}
}
@misc{ConditionalGeeks-2024-05-06,
	title         = {Conditional Generative Adversarial Network GeeksforGeeks},
	year          = {2024},
	note          = {Accessed: 2024-05-06},
	howpublished  = {\url{https://www.geeksforgeeks.org/conditional-generative-adversarial-network/}}
}
@misc{Conditional-2024-05-06,
	title         = {Conditional GAN},
	author        = {Keras Team},
	year          = {2024},
	note          = {Accessed: 2024-05-06},
	howpublished  = {\url{https://keras.io/examples/generative/conditional_gan/}}
}
@misc{Train-2024-05-06,
	title         = {Train Conditional Generative Adversarial Network (CGAN) MATLAB Simulink},
	year          = {2024},
	note          = {Accessed: 2024-05-06},
	howpublished  = {\url{https://www.mathworks.com/help/deeplearning/ug/train-conditional-generative-adversarial-network.html}}
}
@misc{GAN-2024-05-08,
	title         = {GAN ve DCGAN arasındaki fark. - GeeksforGeeks},
	year          = {2024},
	note          = {Accessed: 2024-05-08},
	howpublished  = {\url{https://www.geeksforgeeks.org/difference-between-gan-vs-dcgan/}}
}
@misc{What-2024-05-08,
	title         = {What Is a Conditional Generative Adversarial Network? | Coursera},
	year          = {2024},
	note          = {Accessed: 2024-05-08},
	howpublished  = {\url{https://www.coursera.org/articles/conditional-generative-adversarial-network}}
}
@misc{present/youtube/gan/gans_scratch.ipynb-2024-05-01,
	title         = {Jeff Heatonn Gan Kod},
	year          = {2024},
	note          = {Accessed: 2024-05-01},
	howpublished  = {\url{https://github.com/jeffheaton/present/blob/master/youtube/gan/gans_scratch.ipynb}}
}
@misc{Understanding-2024-05-01,
	title         = {Understanding GAN Loss Functions},
	author        = {Harshit Dwivedi},
	year          = {2024},
	note          = {Accessed: 2024-05-01},
	howpublished  = {\url{https://neptune.ai/blog/gan-loss-functions}}
}
@misc{-2024-05-01,
	title         = {Kayıp İşlevleri Machine Learning Google for Developers},
	year          = {2024},
	note          = {Accessed: 2024-05-01},
	howpublished  = {\url{https://developers.google.com/machine-learning/gan/loss?hl=tr}}
}
@misc{-2024-05-31,
	title         = {Alias Free Generative Adversarial Networks StyleGAN3},
	year          = {2024},
	note          = {Accessed: 2024-05-31},
	howpublished  = {\url{https://nvlabs.github.io/stylegan3/}}
}
@inproceedings{karras2019style,
	title={A style-based generator architecture for generative adversarial networks},
	author={Karras, Tero and Laine, Samuli and Aila, Timo},
	booktitle={Proceedings of the IEEE/CVF conference on computer vision and pattern recognition},
	pages={4401--4410}
	year={2019}
}
@misc{Multiverse,
	title         = {Generate Face Using GANs},
	year          = {2024},
	note          = {Accessed: 2024-03-20},
	howpublished  = {\url{https://github.com/Chando0185/Multiverse_of_100-_data_science_project_series/blob/main/Generate%20Face%20Using%20GANs/Generate%20Face%20Using%20GANs.ipynb}}
}
@misc{StyleGAN2-2024-04-14,
	title         = {StyleGAN2 pretrained models NVIDIA NGC},
	year          = {2024},
	publisher	  = {NVIDIA},
	note          = {Accessed: 2024-04-14},
	howpublished  = {\url{https://catalog.ngc.nvidia.com/orgs/nvidia/teams/research/models/stylegan2/files}}
}
@misc{StyleGAN3-2024-04-16,
	title         = {StyleGAN3 pretrained models NVIDIA NGC},
	year          = {2024},
	publisher	  = {NVIDIA},
	note          = {Accessed: 2024-04-16},
	howpublished  = {\url{https://catalog.ngc.nvidia.com/orgs/nvidia/teams/research/models/stylegan3/files}}
}
@article{yilmaz2023understanding,
	title={Understanding the mathematical background of Generative Adversarial Networks (GANs)},
	author={Yilmaz, Bilgi and Ralf, KORN},
	journal={Mathematical Modelling and Numerical Simulation with Applications},
	volume={3},
	number={3},
	pages={234--255},
	year={2023},
	publisher={Mehmet YAVUZ},
	howpublished  = {\url{https://dergipark.org.tr/tr/download/article-file/3264448}}
}
@misc{Celebrity-2024-04-16,
	title         = {Celebrity Face Generation using GANs Tensorflow Implementation by Shubham Sharma Coinmonks Medium},
	author        = {Shubham Sharma},
	year          = {2024},
	note          = {Accessed: 2024-04-16},
	howpublished  = {\url{https://medium.com/coinmonks/celebrity-face-generation-using-gans-tensorflow-implementation-eaa2001eef86}}
}
@misc{Matplotlibpyplot.axes-2024-04-17,
	title         = {Matplotlib pyplot axes in Python GeeksforGeeks},
	year          = {2024},
	note          = {Accessed: 2024-04-17},
	howpublished  = {\url{https://www.geeksforgeeks.org/matplotlib-pyplot-axes-in-python/}}
}
@misc{NHWC-2024-04-18,
	title         = {NHWC vs NCHW A memory access perspective on GPUs by Deepika Medium},
	author        = {Deepika},
	year          = {2024},
	note          = {Accessed: 2024-04-18},
	howpublished  = {\url{https://medium.com/@deepika_writes/nhwc-vs-nchw-a-memory-access-perspective-on-gpus-4e79bd3b1b54}}
}
@misc{t81_558_deep_learning,
	title         = {Face Generator with StyleGAN3},
	year          = {2024},
	note          = {Accessed: 2024-04-18},
	howpublished  = {\url{https://github.com/jeffheaton/t81_558_deep_learning/blob/master/t81_558_class_07_3_latent_vector.ipynb}}
}
@misc{NVIDIA-2024-04-18,
	title         = {NVIDIA NGC NVIDIA Docs},
	year          = {2024},
	note          = {Accessed: 2024-04-18},
	howpublished  = {\url{https://docs.nvidia.com/ngc/index.html}}
}
@misc{ChatGPT-2024-04-18,
	title         = {ChatGPT},
	year          = {2024},
	note          = {Accessed: 2024-04-18},
	howpublished  = {\url{https://chat.openai.com/}}
}

@inproceedings{zhang2020celeba,
	title={Celeba-spoof: Large-scale face anti-spoofing dataset with rich annotations},
	author={Zhang, Yuanhan and Yin, ZhenFei and Li, Yidong and Yin, Guojun and Yan, Junjie and Shao, Jing and Liu, Ziwei},
	booktitle={Computer Vision--ECCV 2020: 16th European Conference, Glasgow, UK, August 23--28, 2020, Proceedings, Part XII 16},
	pages={70--85},
	year={2020},
	organization={Springer}
}
@inproceedings{liu2015faceattributes,
	title = {Doğal Ortamdaki Derin Öğrenme Yüz Nitelikleri},
	yazar = {Liu, Ziwei ve Luo, Ping ve Wang, Xiaogang ve Tang, Xiaoou},
	kitap başlığı = {Uluslararası Bilgisayarla Görme Konferansı Bildirileri (ICCV)},
	ay = {Aralık},
	yıl = {2015}
}
@inproceedings{yavuz2021yfcc,
	title={Yfcc-celeba face attributes datasets},
	author={Yavuz, Mehmet Can and Ahmed, Sara Atito Ali and K{\i}saa{\u{g}}a, Mehmet Efe and Ocak, Hasan and Yan{\i}k{\u{g}}lu, Berrin},
	booktitle={2021 29th Signal Processing and Communications Applications Conference (SIU)},
	pages={1--4},
	year={2021},
	organization={IEEE}
}
@misc{CelebA-2024-04-04,
	title         = {CelebA Dataset},
	year          = {2024},
	note          = {Accessed: 2024-04-04},
	howpublished  = {\url{https://mmlab.ie.cuhk.edu.hk/projects/CelebA.html}}
}
@misc{AutoEncoder-2024-04-04,
	title         = {AutoEncoder nedir},
	author        = {Muhammed Buyukkinaci},
	year          = {2024},
	note          = {Accessed: 2024-04-04},
	howpublished  = {\url{https://medium.com/@muhammedbuyukkinaci/autoencoders-nedir-t%C3%BCrk%C3%A7e-4712c826f90e}}
}
@article{radford2015unsupervised,
	title={Unsupervised representation learning with deep convolutional generative adversarial networks},
	author={Radford, Alec and Metz, Luke and Chintala, Soumith},
	journal={arXiv preprint arXiv:1511.06434},
	year={2015}
}
@misc{GAN-2024-04-02,
	title         = {GAN + Gizli Alan},
	author        = {Yasha Jain},
	year          = {2024},
	note          = {Accessed: 2024-04-02},
	howpublished  = {\url{https://medium.com/@jain.yasha/gan-latent-space-1b32cd34cfda}}
}
@misc{celeba-hq-2024-04-02,
	title         = {celeba-hq},
	howpublished  = {\url{https://www.kaggle.com/datasets/lamsimon/celebahq}}
	author		  = {BIO},
	year          = {2020}
}
@article{asperti2023head,
	title={Head Rotation in Denoising Diffusion Models},
	author={Asperti, Andrea and Colasuonno, Gabriele and Guerra, Antonio},
	journal={arXiv preprint arXiv:2308.06057},
	year={2023}
}
@misc{ganlatent,
	title         = {Exploring GAN latent space to generate images with images with desired features},
	howpublished  = {\url{https://www.youtube.com/watch?v=iuQ_f3W5Ttk}},
	author		  = {DigitalSreeni},
	year          = {2022}
}