@article{ma2024clip,
	title={CLIP-EBC: CLIP Can Count Accurately Through Efficient Backpropagation and Calibrated Loss},
	author={Ma, Yiming and Sanchez, Victor and Guha, Tanaya},
	journal={Papers With Code},
	year={2024},
	note ={\url{https://paperswithcode.com/paper/clip-ebc-clip-can-count-accurately-through}}

}
@article{bergmann2024zero,
	title={Zero-shot learning},
	author={Bergmann, Dave},
	journal={IBM Topics},
	volume={},
	number={},
	pages={},
	year={2024},
	publisher={IBM},
	note={\url{https://stackoverflow.com/questions/75503261/an-exception-has-occurred-use-tb-to-see-the-full-traceback-systemexit-2}}
}

@misc{kapakfoto,
	author = {bing},
	title = {{yapayzeka resim oluşturucu}},
	howpublished = "\url{https://www.bing.com/images/create/recognizing-objects-and-finding-their-actual-size-/1-664e2694d0f84d9ea6437a3191f47728?darkschemeovr=1&FORM=GUH2CR/}"
}
@inproceedings{zhang2016single,
	title={Single-image crowd counting via multi-column convolutional neural network},
	author={Zhang, Yingying and Zhou, Desen and Chen, Siqin and Gao, Shenghua and Ma, Yi},
	booktitle={Proceedings of the IEEE conference on computer vision and pattern recognition},
	pages={589--597},
	year={2016}
}
@misc{thien2016shanghaitech,
	author = {Thai Thien},
	title = {ShanghaiTech},
	howpublished = {\url{https://www.kaggle.com/datasets/tthien/shanghaitech/data}},
	year = {2016},
	note = {Dataset appeared in CVPR 2016 paper MCNN},
	url = {https://www.kaggle.com/datasets/tthien/shanghaitech/data},
	urldate = {2024-06-01}
}
@inproceedings{idrees2018composition,
	title={Composition loss for counting, density map estimation and localization in dense crowds},
	author={Idrees, Haroon and Tayyab, Muhmmad and Athrey, Kishan and Zhang, Dong and Al-Maadeed, Somaya and Rajpoot, Nasir and Shah, Mubarak},
	booktitle={Proceedings of the European conference on computer vision (ECCV)},
	pages={532--546},
	year={2018}
}
@article{gao2020nwpu,
	title={NWPU-Crowd: A Large-Scale Benchmark for Crowd Counting and Localization},
	author={Wang, Qi and Gao, Junyu and Lin, Wei and Li, Xuelong},
	journal={IEEE Transactions on Pattern Analysis and Machine Intelligence},
	doi={10.1109/TPAMI.2020.3013269},
	year={2020}
}
@article{yegulalp2024,
	title={What is TensorFlow? The machine learning library explained},
	author={Yegulalp, Serdar},
	journal={InfoWorld},
	year={2024},
	volume={},
	number={},
	pages={},
	month={January},
	day={5},
	publisher={IDG Communications, Inc.},
	note={\url{https://www.infoworld.com/article/3278008/what-is-tensorflow-the-machine-learning-library-explained.html}}
}
@article{devhunter2018,
	title={TensorFlow'un Temeli ve Mantığı},
	author={DevHunter},
	journal={DevHunter},
	year={2018},
	volume={},
	number={},
	pages={},
	month={June},
	day={27},
	publisher={DevHunter},
	
}
@article{johnson2023,
	title={TensorFlow Temelleri: Tensör, Şekil, Tür, Oturumlar ve Operaları},
	author={Johnson, Daniel},
	journal={Guru99},
	year={2023},
	volume={},
	number={},
	pages={},
	month={December},
	day={26},
	publisher={Guru99},
	howpublished ={\url{https://www.guru99.com/tr/tensor-tensorflow.html}}	
}
@article{allibhai,
	title={Building a Deep Learning Model using Keras},
	author={Allibhai, Jaz},
	journal={Towards Data Science},
	year={2022},
	howpublished ={\url{https://towardsdatascience.com/building-a-deep-learning-model-using-keras-1548ca149d37}}
}
@misc{talentgrid_pytorch,
	title = "PyTorch Nedir?",
	author = "TalentGrid",
	howpublished ={\url{https://talentgrid.io/tr/pytorch-nedir/}},
	month = "Ocak",
	year = 2024
}
@article{comert_pytorch,
	author = "Cömert, Kaan",
	title = "PyTorch Nedir?",
	journal = "LinkedIn",
	howpublished ={\url{https://tr.linkedin.com/pulse/pytorch-nedir-kaan-c%C3%B6mert}},
	year = 2023,
	month = "Mayıs",
	day = 16
}
@article{Kuo2020,
	author    = {Yu-Cheng (Morton) Kuo},
	title     = {ML03: PyTorch vs. TensorFlow - PyTorch—a promising framework for DL},
	journal   = {Analytics Vidhya},
	year      = {2020},
	url       = {https://medium.com/analytics-vidhya/ml03-9de2f0dbd62d},
	howpublished ={\url{Published in Analytics Vidhya, 3 min read, Oct 29, 2020}}	
}

@article{bozkurt2021cnn,
	author = {Bozkurt, Bartu},
	title = {{CNN (Convolutional Neural Networks) Nedir?}},
	journal = {Medium},
	year = {2021},
	month = {Sep 30},
	howpublished = {\url{https://bartubozkurt35.medium.com/cnn-convolutional-neural-networks-nedir-a5bafc4a82a1}}
}
@article{shahriar2023cnn,
	author = {Shahriar, Nafiz},
	title = {What is Convolutional Neural Network — CNN (Deep Learning)},
	journal = {Medium},
	year = {2023},
	month = {Feb 1},
	howpublished = {\url{https://nafizshahriar.medium.com/what-is-convolutional-neural-network-cnn-deep-learning-b3921bdd82d5}}
}

@online{ceylan2014hayvanlar,
	author = {Ceylan, Erdal},
	title = {Dünyanın En İlginç ve En Bilinmeyen Hayvanları},
	year = {2014},
	url = {\url{https://onedio.com/haber/dunyanin-en-ilginc-ve-en-bilinmeyen-hayvanlari-296058} },
	organization = {Onedio},
	note = {Son Güncelleme: 6 Temmuz 2022}
}

@online{stokfoto,
	title = {Stok Fotoğraf},
	author = {},
	year = {2013},
	url = {\url{https://www.google.com/url?sa=i&url=https%3A%2F%2Fwww.istockphoto.com%2Ftr%2Ffoto%25C4%259Fraf%2Fgavial-indian-gm175949673-26202878&psig=AOvVaw1U5rQ4aE1vK44EBaAZOpfP&ust=1712235074380000&source=images&cd=vfe&opi=89978449&ved=0CBIQjRxqFwoTCLD6gu2KpoUDFQAAAAAdAAAAABAE}},
	organization = {iStockphoto},
	note = {Stok Fotoğraf ID: 175949673, Yükleme Tarihi: 7 Ağustos 2013, Kategoriler: Stok Fotoğraflar|Gavyal}
}

@inproceedings{idrees2018composition,
	title={Composition loss for counting, density map estimation and localization in dense crowds},
	author={Idrees, Haroon and Tayyab, Muhmmad and Athrey, Kishan and Zhang, Dong and Al-Maadeed, Somaya and Rajpoot, Nasir and Shah, Mubarak},
	booktitle={Proceedings of the European conference on computer vision (ECCV)},
	pages={532--546},
	year={2018}
}

@article{ma2024clip,
	title={CLIP-EBC: CLIP Can Count Accurately through Enhanced Blockwise Classification},
	author={Ma, Yiming and Sanchez, Victor and Guha, Tanaya},
	journal={arXiv preprint arXiv:2403.09281},
	year={2024}
}
@misc{CB_Acnt,
	author = {CBAcnt},
	title = {An exception has occurred, use %tb to see the full traceback. SystemExit: 2},
	howpublished = {Sistem Çıkışı: 2},
	note={\url{https://stackoverflow.com/questions/75503261/an-exception-has-occurred-use-tb-to-see-the-full-traceback-systemexit-2}}
}
@misc{wiki:CUDA,
	author = "{Wikipedia contributors}",
	title = "CUDA --- {W}ikipedia{,} The Free Encyclopedia",
	year = "2022",
	howpublished = {\url{https://tr.wikipedia.org/wiki/CUDA}}
	note = "[Online; accessed 1-May-2024]"
}
@misc{DDU,
	title = {DDU},
	author = {wagnard},
	howpublished = {\url{https://www.guru3d.com/download/display-driver-uninstaller-download/}},
	note = {Display Driver Uninstaller (DDU) download version 18.0.7.6.},
	urldate = {2024-05-01}
}

@misc{pytorch,
	title = {PyTorch},
	howpublished = {\url{https://pytorch.org/}},
	note = {En son PyTorch sürümü için Python 3.8 veya daha yeni bir sürüm gerekmektedir.},
	urldate = {2024-05-01}
}

@mastersthesis{konuk2016hyperspectral,
	title={Hyperspectral data classification using contourlet transform},
	author={Konuk, Bedrettin Erbil},
	year={2016},
	school={Bili{\c{s}}im Enstit{\"u}s{\"u}}
}

@misc{ragab2021crowdcounting,
	author = {Ragab, Maozed},
	title = {Crowd Counting Part A: {val\_mae}: 10.9 - {val\_mse}: 384},
	year = {2021},
	publisher = {Kaggle},
	howpublished ={\url{https://www.kaggle.com/code/maozragab/crowd-counting-part-a-val-mae-10.9-val-mse-384}}
	
}

@misc{githubproject,
	author = {yavisankar},
	title = {  Crowd-Counting-Problem  },
	year = {2021},
	publisher = {github},
	howpublished = {\url{https://github.com/yavisankar/Crowd-Counting-Problem/tree/main}}
	
}