@mastersthesis{gullu2017labirentlerde,
	title={Labirentlerde yapay zeka tabanl{\i} y{\"o}n bulma algoritmalar{\i} kulllanan bir gezgin robot geli{\c{s}}tirilmesi},
	author={G{\"u}ll{\"u}, Ayd{\i}n},
	year={2017},
	school={Trakya {\"U}niversitesi Fen Bilimleri Enstit{\"u}s{\"u}}
}
@article{boluk2019mobil,
	title={Mobil Robotlarda Navigasyon Problemi i{\c{c}}in Peki{\c{s}}tirmeli {\"O}{\u{g}}renme},
	author={B{\"o}l{\"u}k, Nursena and U{\c{c}}ar, {\"O} and {\.I}nner, A Burak},
	journal={T{\"u}rkiye Robotbilim Konferans{\i}},
	pages={40--44},
	year={2019}
}
@article{kavasougluyapay,
	title={YAPAY ZEKA VE G{\"O}RSEL TASARIM UYGULAMALARI},
	author={KAVASO{\u{G}}LU, {\"O}{\u{g}}r G{\"o}r B Ruhsar}
}
@article{berner2019dota,
	title={Dota 2 with large scale deep reinforcement learning},
	author={Berner, Christopher and Brockman, Greg and Chan, Brooke and Cheung, Vicki and D{\k{e}}biak, Przemys{\l}aw and Dennison, Christy and Farhi, David and Fischer, Quirin and Hashme, Shariq and Hesse, Chris and others},
	journal={arXiv preprint arXiv:1912.06680},
	year={2019}
}
@inproceedings{gokcce2013implementation,
	title={Implementation of Reinforcement Learning by transfering sub-goal policies in robot navigation},
	author={G{\"o}k{\c{c}}e, Bar{\i}{\c{s}} and Ak{\i}n, H Levent},
	booktitle={2013 21st Signal Processing and Communications Applications Conference (SIU)},
	pages={1--4},
	year={2013},
	organization={IEEE}
}
@inproceedings{aydin2020using,
	title={Using Generative Adversarial Nets on Atari Games for Feature Extraction in Deep Reinforcement Learning},
	author={Ayd{\i}n, Ayberk and S{\"u}rer, Elif},
	booktitle={2020 28th Signal Processing and Communications Applications Conference (SIU)},
	pages={1--4},
	year={2020},
	organization={IEEE}
}
@online{openai_chatgpt,
	title = {ChatGPT: reinforcement learning},
	author = {{OpenAI}},
	year = {bilinmiyor},
	url = {https://openai.com/chatgpt},
	urldate = {25 Nisan 2024}
}

