@misc{VAE,
	author = {Author/Melih Gezer},
	title = {VAE},
	howpublished = {\url{https://www.yapayzekatr.com/2023/11/14/variational-autoencoders-vaes-nedir/}},
	note = {Accessed: 15.03.2024},
	year = {Year Published/ 14.11.2023}
}
@misc{jukebox,
	author = {Author/OpenAI},
	title = {Müzik Kutusu - Jukebox (OpenAI)},
	howpublished = {\url{https://openai.com/research/jukebox/}},
	note = {Accessed: 15.03.2024},
	year = {Year Published/ 02.2024}
}
@misc{vaeTypes,
	author = {Author/Satyajit Kumar},
	title = {A Crash Course on VAEs, VQ-VAEs, and VAE-GANs},
	howpublished = {\url{https://ammesatyajit.medium.com/a-crash-course-on-vaes-vq-vaes-and-vae-gans-3fdcc40b059e}},
	note = {Accessed: 17.03.2024},
	year = {Year Published/ 29.01.2020}
}
@misc{vqvae,
	author = {Author/Shashank Yadav},
	title = {Understanding Vector Quantized Variational Autoencoders (VQ-VAE)},
	howpublished = {\url{https://shashank7-iitd.medium.com/understanding-vector-quantized-variational-autoencoders-vq-vae-323d710a888a}},
	note = {Accessed: 17.03.2024},
	year = {Year Published/ 01.09.2019}
}
@misc{vaegan,
	author = {Author/Shambhavi Mishra},
	title = {An Introduction to VAE-GANs},
	howpublished = {\url{https://wandb.ai/shambhavicodes/vae-gan/reports/An-Introduction-to-VAE-GANs--VmlldzoxMTcxMjM5}},
	note = {Accessed: 17.03.2024},
	year = {Year Published/ 08.12.2021}
}
@misc{UE,
	author = {Author/Unreal Engine},
	title = {UE BP},
	howpublished = {\url{https://dev.epicgames.com/documentation/en-us/unreal-engine/making-macros-in-unreal-engine?application_version=5.0/}},
	note = {Accessed: 02.03.2024},
	year = {Year Published/ 02.03.2024}
}
@misc{entropi,
	author = {Author/Emre Yüksel},
	title = {Entropi&KL Divergence},
	howpublished = {\url{https://medium.com/kaveai/d\%C3\%BCzensizlik-entropy-\%C3\%A7apraz-d\%C3\%BCzensizlik-cross-entropy-ve-kl-iraksakl\%C4\%B1\%C4\%9F\%C4\%B1-kl-divergence-89d26735789f/}},
	note = {Accessed: 15.03.2024},
	year = {Year Published/ 19.04.2020}
}
@misc{deep_learning,
	author = {Author/Ahmet Okan YILMAZ},
	title = {Derin Öğrenmede Kayıp Fonksiyonları ve Optimizasyon Algoritmaları},
	howpublished = {\url{https://aoyilmaz.medium.com/derin-\%C3\%B6\%C4\%9Frenmede-kay\%C4\%B1p-fonksiyonlar\%C4\%B1-ve-optimizasyon-algoritmalar\%C4\%B1-8fc754e7a639/}},
	note = {Accessed: 25.03.2024},
	year = {Year Published/  27.07.2023}
}
@misc{sigmoid,
	author = {Author/wikipedia},
	title = {Sigmoid function},
	howpublished = {\url{https://en.wikipedia.org/wiki/Sigmoid_function/}},
	note = {Accessed: 25.03.2024},
	year = {}
}
@misc{sgd,
	author = {Author/wikipedia},
	title = {Stochastic gradient descent},
	howpublished = {\url{https://en.wikipedia.org/wiki/Stochastic\_gradient\_descent\#AdaGrad/}},
	note = {Accessed: 25.03.2024},
	year = {}
}
@misc{relu,
	author = {Author/wikipedia},
	title = {Rectifier (neural networks)},
	howpublished = {\url{https://en.wikipedia.org/wiki/Rectifier_(neural_networks)/}},
	note = {Accessed: 25.03.2024},
	year = {}
}
@misc{vae,
	author = {Author/Daming Lu},
	title = {Basic Vae Example},
	howpublished = {\url{https://github.com/pytorch/examples/tree/main/vae/}},
	note = {Accessed: 25.03.2024},
	year = {}
}
@misc{c_vae,
	author = {Author/collab},
	title = {Training a Variational Auto-Encoder},
	howpublished = {\url{https://colab.research.google.com/github/pytorchbearer/torchbearer/blob/master/docs/_static/notebooks/vae.ipynb\#scrollTo=X3FRGq-llg7a\&uniqifier=4/}},
	note = {Accessed: 25.03.2024},
	year = {}
}
@misc{rmsprop,
	author = {Author/ABDULLAH ATCILI},
	title = {Yapay Sinir Aglarinda Kullanilan Optimizasyon Algoritmalari},
	howpublished = {\url{https://medium.com/machine-learning-t\%C3\%BCrkiye/yapay-sinir-a\%C4\%9Flar\%C4\%B1nda-kullan\%C4\%B1lan-optimizasyon-algoritmalar\%C4\%B1-3e87cd738cb5/}},
	note = {Accessed: 25.03.2024},
	year = {Year Published/  06.11.2020}
}	
@misc{nsynth,
	author = {Engel},
	title = {NSynth},
	howpublished = {\url{https://paperswithcode.com/dataset/nsynth/}},
	note = { 25.03.2024},
	year = {  04..2017}
}
@misc{maestro,
	author = {Jack Vial},
	title = {The Maestro Dataset v2},
	howpublished = {\url{https://www.kaggle.com/datasets/jackvial/themaestrodatasetv2/}},
	note = { 25.03.2024},
	year = {  2018}
}
@misc{spektrogram,
	author = {PNSN},
	title = {What is a Spectrogram?},
	howpublished = {\url{https://pnsn.org/spectrograms/what-is-a-spectrogram/}},
	note = { 28.03.2024},
	year = { 2020}
}
@misc{spektrum,
	author = {ACMA},
	title = {What is spectrum?},
	howpublished = {\url{https://www.acma.gov.au/what-spectrum\#:~:text=The\%20spectrum\%20is\%20a\%20continuous,Frequency\%20bands/}},
	note = { 28.03.2024},
	year = {  17.10.2022}
}
@misc{raw,
	author = {GoPro},
	title = {What is RAW Format?},
	howpublished = {\url{https://community.gopro.com/s/article/What-is-RAW-Format?language=en_US/}},
	note = {: 28.03.2024},
	year = {  16.04.2021}
}
@misc{mfcc,
	author = {Uday Kiran},
	title = {MFCC Technique for Speech Recognition},
	howpublished = {\url{https://community.gopro.com/s/article/What-is-RAW-Format?language=en_US/}},
	note = { 28.03.2024},
	year = { 14.08.2023}
}
@misc{code,
	author = {Valerio Velardo},
	title = {Valerio Velardo - The Sound of AI},
	howpublished = {\url{https://github.com/musikalkemist/generating-sound-with-neural-networks/}},
	note = { 14.03.2024},
	year = {16.12.2019}
}
@misc{mb,
  author = {Matthew N. Bernstein},
  title = {{The evidence lower bound (ELBO)}},
  howpublished = "\url{https://mbernste.github.io/posts/elbo/}",
  year = {May 25, 2020}, 
  note = "[Online; accessed  18.05.2024]"
}
@misc{ss,
  author = {Sunshine},
  title = {{Evidence Lower Bound(ELBO)}},
  howpublished = "\url{https://medium.com/@sunshine990316/evidence-lower-bound-elbo-63ec2e4c1b38}",
  year = {May 25, 2023}, 
  note = "[Online; accessed  17.05.2024]"
}
@misc{yb,
  author = {Yunfan's Blog},
  title = {{ELBO — What & Why}},
  howpublished = "\url{https://yunfanj.com/blog/2021/01/11/ELBO.html}",
  year = {Jan 11, 2021}, 
  note = "[Online; accessed 17.05.2024]"
}
@misc{ha,
  author = {Hesham Ali },
  title = {{What is Evidence Lower Bound (ELBO)?}},
  howpublished = "\url{https://mlarchive.com/deep-learning/evidence-lower-bound/}",
  year = {01.01.2021}, 
  note = "[Online; accessed  17.05.2024]"
}
@misc{yt,
  author = {Machine Learning & Simulation},
  title = {{Variational Inference | Evidence Lower Bound (ELBO) | Intuition & Visualization}},
  howpublished = "\url{https://www.youtube.com/watch?v=HxQ94L8n0vU}",
  year = { May 11, 2021 }, 
  note = "[Online; accessed 17.05.2024]"
}
@misc{fsdd,
  author = {Kaggle},
  title = {{FSDD}},
  howpublished = "\url{https://paperswithcode.com/dataset/fsdd}",
  year = {27.04.2020}, 
  note = "[Online; accessed 17.05.2024]"
}
@misc{gunshot,
  author = {Kaggle},
  title = {{Gun Shot}},
  howpublished = "\url{}",
  year = {01.01.2021}, 
  note = "[Online; accessed  01.05.2024]"
}