@article{model,
  author = {Thomas Simonini},
  title = {An Introduction to Unity ML-Agents},
  journal = {Medium},
  year = {2020},
  url = {https://towardsdatascience.com/an-introduction-to-unity-ml-agents-6238452fcf4c},
}

@article{theashbot,
  author = {The Ash Bot},
  title = {How To Use Unity ML Agents 2.0.1},
  journal = {Youtube},
  year = {2023},
  url = {https://www.youtube.com/watch?v=RANRz9oyzko&list=LL&index=2&t=508s},
}

@article{kiran2021deep,
  title={Deep reinforcement learning for autonomous driving: A survey},
  author={Kiran, B Ravi and Sobh, Ibrahim and Talpaert, Victor and Mannion, Patrick and Al Sallab, Ahmad A and Yogamani, Senthil and P{\'e}rez, Patrick},
  journal={IEEE Transactions on Intelligent Transportation Systems},
  volume={23},
  number={6},
  pages={4909--4926},
  year={2021},
  publisher={IEEE}
}

@article{flyyufelix,
  author = {flyyufelix},
  title = {Train Donkey Car in Unity Simulator with Reinforcement Learnin},
  journal = {GitHub},
  year = {2018},
  url = {https://github.com/flyyufelix/donkey_rl},
}

@article{sprite_shape,
  author = {Asbj√∏rn Thirslund},
  title = {MAKE ORGANIC LEVELS!! Unity Sprite Shape},
  journal = {Youtube},
  year = {2018},
  url = {https://youtu.be/GSo_fU1JdfM?si=cnqBT5AXAxRqxM7J},
}

@article{Ray,
  author = {jpschneider},
  title = {Unity ML Agents Ray Perception Sensor 2D not showing collisions},
  journal = {stackoverflow},
  year = {2021},
  url = {https://stackoverflow.com/questions/67643885/unity-ml-agents-ray-perception-sensor-2d-not-showing-collisions},
}

@article{CP,
  author = {unknown1050},
  title = {Unity Checkpoints, Laps, and Times},
  journal = {YouTube},
  year = {2022},
  url = {https://youtu.be/w9lSZPmget4?si=HC6OiGHkPSQnUFo2},
}

@article{imitation1,
  author = {CodeMonkey},
  title = {Teach your AI! Imitation Learning with Unity ML-Agents!Checkpoints, Laps, and Times},
  journal = {YouTube},
  year = {2020},
  url = {https://www.youtube.com/watch?v=supqT7kqpEI},
}

@article{imitation2,
  author = {CodeMonkey},
  title = {How to use Machine Learning AI in Unity! (ML-Agents)},
  journal = {YouTube},
  year = {2020},
  url = {https://youtu.be/zPFU30tbyKs?si=ip4Tn4l0ok_swh-q},
}

@article{dir,
  author = {Berenger},
  title = {How to calculate direction between 2 objects)},
  journal = {Unity Discussions},
  year = {2014},
  url = {https://discussions.unity.com/t/how-to-calculate-direction-between-2-objects/103715},
}
