 @article{article_1031070, title={Türkiye’de Covid-19 günlük vaka sayısının makine öğrenmesi algoritmaları ile tahmin edilmesi}, journal={Anadolu Bil Meslek Yüksekokulu Dergisi}, volume={16}, pages={197–213}, year={2021}, author={SÜTCÜ, Ertürk and SHAMS, Parvaneh}, keywords={Machine learning, Number of Covid-19 cases, Classification algorithm, Random forest algorithm}, abstract={COVID-19 enfeksiyonu 2019 yılının Aralık ayında ortaya çıkmış olup, Dünya Sağlık Örgütü tarafından 11 Mart 2020’de pandemi olarak tanımlanmıştır. Pandemi sürecinde vaka sayılarının kontrol altına alınması için sosyal alanlarda kısıtlama ve sokağa çıkma yasağı gibi önlemler alınmıştır. Pandemi sürecinde vaka sayılarına yönelik tahminlerin yapılması önemlidir. Vaka sayısı tahmininin yapılmasında kullanılan zaman serisi analizi, bölmeli model ve makine öğrenmesi gibi kullanılan tahminleme yöntemleri bulunmaktadır. Bu araştırmada COVID-19 vaka sayısının tahmin edilmesinde Destek Vektör Makinesi Algoritması (SVM), Karar Ağacı Algoritması (DT), Naif Bayes Algoritması (NB), K-En Yakın Komşu Algoritması (KNN) ve Rastgele Orman Algoritması (RF) olarak 5 makine öğrenme algoritması üzerinde çalışılmıştır. Algoritmaların tahmin performansı doğruluk, duyarlılık ve kesinlik değerleri ile belirlenmiştir. PCA yöntemi kullanıldığında doğruluk değeri en yüksek RF algoritmasında, duyarlılık ve kesinlik değeri en yüksek SMV algoritmasında saptanmıştır. Bu yöntemin kullanılması sonucunda en düşük doğruluk NB algoritmasında, duyarlılık ve kesinlik değerleri en düşük NB ve DT algoritmalarında elde edilmiştir. PCA yöntemi kullanıldığında tüm algoritmalarda doğruluk, duyarlılık ve kesinlik değerleri AVM’ler Açık/Kapalı veri setinde en yüksek düzeyde bulunmuştur. Okullar Açık/Kapalı, Restaurantlar Açık/Kapalı ve AVM’ler Açık/Kapalı veri setinde RF algoritması ile tahminde sırasıyla %95, %88 ve %90 başarı oranı bulunmuş iken; Sokağa Çıkmak Yasak verisi için DT Algoritması ile tahminde %85 başarı oranı elde edilmiştir.}, number={63}, publisher={Istanbul Aydin University} }
}

@article{article, author={Cihan Çılgın Et Al. }, title={Sentiment analysis of public sensitivity to COVID-19 vaccines on Twitter by majority voting classifier-based machine learning Twitter’da COVID-19 aşılarına karşı kamu duyarlılığının çoğunluk oylama sınıflandırıcısı temelli makine öğrenmesi ile duygu analizi}, journal={Journal of the Faculty of Engineering and Architecture of Gazi University}, year=2023, pages={1093-1104} }

@article{article_855113, title={COVID-19 Vakalarının Makine Öğrenmesi Algoritmaları ile Tahmini: Amerika Birleşik Devletleri Örneği}, journal={Avrupa Bilim ve Teknoloji Dergisi}, pages={134–139}, year={2021}, DOI={10.31590/ejosat.855113}, author={ÖZEN, Nur Selin and SARAÇ, Selin and KOYUNCU, Melik}, keywords={COVID-19, Prediction, Machine Learning}, abstract={Koronavirüs, 2019 yılının Aralık ayında ilk olarak Çin’in Wuhan kentinde ortaya çıkmış ve 11 Mart 2020’de Dünya Sağlık Örgütü tarafından pandemi olarak ilan edilmiştir. Vaka sayılarını kontrol altına almak için pek çok ülke karantina, sokağa çıkma yasağı ve sosyal alanların bir süreliğine kapatılması gibi çeşitli önlemler almıştır. Doğrulanmış vaka tahminlemesi pandemide olası planlamalar için büyük önem taşımaktadır. Gelecek verilerinin gerçeğe en yakın bir şekilde tahminlenmesi; pandemi döneminde lojistik, tedarik, hastane personel ve malzeme planlaması için kullanılabileceği gibi aşılama senaryolarında da girdi olarak kullanılabilir. Literatürde doğrulanmış vaka tahmininde makine öğrenmesi, bölmeli model, zaman serisi analizi gibi pek çok yöntem kullanarak tahminleme yapılan çalışmalar vardır. Bu çalışmada, Amerika Birleşik Devletleri’ndeki doğrulanmış vaka sayılarını kullanarak gelecek günlerdeki vaka tahminlerini çeşitli makine öğrenmesi modelleri yapılmıştır. Python ve R programlama dili kullanılarak yapılan tahminlemeler Prophet, Polinom Regresyon, ARIMA, Doğrusal Regresyon ve Random Forest modelleri ile yapılmıştır. Test verisiyle tahmin edilen verilerin performansları ortalama mutlak yüzde hatası (MAPE), ortalama karekök sapması (RMSE) ve ortalama mutlak hata (MAE) kullanılarak değerlendirilmiştir. Sonuç olarak, MAPE hata metriği baz alınarak en iyi tahminleri veren algoritma Polinom Regresyon olarak bulunmuştur.}, number={22}, publisher={Osman SAĞDIÇ} } 

@inproceedings{genc2007new,
	title={A new PCA/ICA based feature selection method},
	author={Genc, Hakki Murat and Cataltepe, Zehra and Pearson, Thomas},
	booktitle={2007 IEEE 15th Signal Processing and Communications Applications},
	pages={1--4},
	year={2007},
	organization={IEEE}
}

@online{haber1,
	author = {BBC},
	title = {https://www.bbc.com/turkce/haberler-dunya-60702679},
	url = {https://www.bbc.com/turkce/haberler-dunya-60702679},
	urldate = {Date Accessed},
	year = {11 Mart 2022}
}

@online{site1,
	author = {arcgis},
	title = {https://www.arcgis.com/apps/dashboards/bda7594740fd40299423467b48e9ecf6},
	url = {https://www.arcgis.com/apps/dashboards/bda7594740fd40299423467b48e9ecf6},
	urldate = {Date Accessed},
	year = {2024}
}
  @online{site1,
	author = {arcgis},
	title = {https://statorials.org/tr/regresyon-ve-siniflandirma/},
	url = {https://statorials.org/tr/regresyon-ve-siniflandirma/},
	urldate = {Date Accessed},
	year = {2024}
}
@online{site2,
	author = {Hatice Candan},
	title = {Adım Adım Makine Öğrenmesi Bölüm 4: Denetimli Öğrenme ve Denetimsiz Öğrenme Arasındaki Fark},
	url = {https://medium.com/machine-learning-t%C3%BCrkiye/ad%C4%B1m-ad%C4%B1m-makine-%C3%B6%C4%9Frenmesi-b%C3%B6l%C3%BCm-4-denetimli-%C3%B6%C4%9Frenme-ve-denetimsiz-%C3%B6%C4%9Frenme-aras%C4%B1ndaki-fark-4aa174983380}},
urldate = {Date Accessed},
year = {}
}

@online{site3,
	author = {Rafet Kandar},
	title = {Regresyon (Regression) - Sınıflandırma(Classification) Nedir?},
	url = {https://rafetcankandar.medium.com/regresyon-regression-s%C4%B1n%C4%B1fland%C4%B1rma-classification-nedir-c2757850ae76#:~:text=Regression%20problemlerinde%20tahmin%20edece%C4%9Fimiz%20y,y%20s%C4%B1n%C4%B1f%C4%B1n%C4%B1%20tahmin%20etmeye%20%C3%A7al%C4%B1%C5%9F%C4%B1r%C4%B1z},
	urldate = {Date Accessed},
	year = {}
}

@online{site4,
	author = {Batuhan Daz},
	title = {Random Forest Algoritması (Rassal Orman) | Machine Learning [7]},
	url = {https://batuhandaz.medium.com/random-forest-algoritmas%C4%B1-rassal-orman-machine-learning-1afb9c0bc5ad},
	urldate = {Date Accessed},
	year = {}
}

  @online{site11,
	author = {Buse Köseoğlu},
	title = {Model Performansını Değerlendirmek: Regresyon},
	url = {https://medium.com/yaz%C4%B1l%C4%B1m-ve-bili%C5%9Fim-kul%C3%BCb%C3%BC/model-performans%C4%B1n%C4%B1-de%C4%9Ferlendirmek-regresyon-48b4afec8664},
	urldate = {Feb 11, 2021},
	year = {2021}
}
 @online{siteSaglik},
	author = {T.C. Sağlık Bakanlığı},
	title = {T.C. Sağlık BakanlığıCOVID-19 Bilgilendirme Platformu},
	url = 
	{https://covid19.saglik.gov.tr/},
	urldate = {Feb 11, 2021},
	year = {2021}
}
@article{owidcoronavirus,
	author = {Edouard Mathieu and Hannah Ritchie and Lucas Rodés-Guirao and Cameron Appel and Charlie Giattino and Joe Hasell and Bobbie Macdonald and Saloni Dattani and Diana Beltekian and Esteban Ortiz-Ospina and Max Roser},
	title = {Coronavirus Pandemic (COVID-19)},
	journal = {Our World in Data},
	year = {2020},
	note = {https://ourworldindata.org/coronavirus}
}
  @online{wikipedia,
	author = {Wikipedia},
	title = {Yapay Sinir Ağları},
	url = {https://tr.wikipedia.org/wiki/Yapay_sinir_a%C4%9Flar%C4%B1},
	urldate = {April 28, 2024},
	year = {2024}
}
  @online{youtube,
	author = {Şadi Evren ŞEKER},
	title = {Neural Network 3: Çok Katmanlı Yapay Sinir Ağları-Youtube},
	url = {https://www.youtube.com/watch?v=qrmaixHBrzU},
	urldate = {April 28, 2017},
	year = {2017}
}

  @online{SlideServe,
	author = {SlideServe},
	title = {Yapay Sinir Ağı (YSA)},
	url = {https://www.slideserve.com/yagil/yapay-sinir-a-ysa},
	urldate = {Aug 26, 2014},
	year = {2014}
}
  @online{youtube-ysa,
	author = {Prof. Dr. Serkan Akkoyun},
	title = { Ders-8 Yapay Sinir Ağları (Python ile Örnek Uygulama) },
	url = {https://www.youtube.com/watch?v=auxpG9270PE},
	urldate = {April 25, 2023},
	year = {2023}
	
}


  @online{Aktivasyon,
	author = {Barış Ayten},
	title = {Yapay Sinir Ağlarında Aktivasyon Fonksiyonları },
	url = {https://medium.com/databulls/yapay-sinir-a%C4%9Flar%C4%B1nda-aktivasyon-fonksiyonlar%C4%B1-11002b8ac522},
	urldate = {March 18, 2021},
	year = {2021}
	
}
 @online{r2,
	author = {Şevket Ay},
	title = {Model Performansını Değerlendirmek — Metrikler },
	url = {https://medium.com/deep-learning-turkiye/model-performans%C4%B1n%C4%B1-de%C4%9Ferlendirmek-metrikler-cb6568705b1},
	urldate = {Apr 30, 2020},
	year = {2020}
}

 @online{MSE,
	author = { Umut CİNDİLOĞLU},
	title = {2- Makine Öğrenmesinde Performans Metrikleri },
	url ={ https://umutcindiloglu.com/2-makine-ogrenmesinde-performans-metrikleri/},
	urldate = {Apr 22, 2024},
	year = {2024}
}

 @online{Duzelr2,
	author = {Erkan Şirin},
	title = {R Kare ve Düzeltilmiş R Kare},
	url ={ https://www.veribilimiokulu.com/r-kare-ve-duzeltilmis-r-kare/},
	urldate = {Tem 11, 2017},
	year = {2017}
}
 @online{svr,
	author = {İlker Katkat},
	title = {Python - SVR (Destek Vektör Regresyonu) },
	url ={ https://ilkerkatkat.blogspot.com/2020/04/svr-destek-vektor-regresyonu.html},
	urldate = {Nisan 22, 2020},
	year = {2020}
}




