@misc{youtube,
	author = {Serhat Kağan Şahin},
	title = {Otopark Boş Alan Tespiti Bölüm - 1 ve Otopark Boş Alan Tespiti Bölüm - 2},
	howpublished = {\url{https://www.youtube.com/@SerhatKaganSahin}},
	note = {14.04.2024},
	year = {2023}
}
@misc{github,
	author = {umutkaanbaser},
	title = {plakatanimasistemi},
	howpublished = {\url{https://github.com/umutkaanbaser/plakatanimasistemi.git}},
	note = {18.03.2024},
	year = {2022}
}
@misc{chatgpt35,
	author = {OpenAI},
	title = {ChatGPT-3.5},
	year = {2021},
	note = {Bu kod ChatGPT 3.5 tarafından yazılmıştır.}
} 