plaintext
Kodu kopyala
@misc{emo,
    author  = "{Elektrik Mühendisleri Odası (EMO)}",
    title   = "{Bilimsel ve Teknik Yayınlar}",
    howpublished = "\url{https://www.emo.org.tr/ekler/a27593adf5b4728_ek.pdf}",
    note    = "Erişim Tarihi: 20 Mart 2024",
    year    = "n.d."
}

@misc{istanbul_uni,
    author  = "{İstanbul Üniversitesi}",
    title   = "{Tez Arşivi}",
    howpublished = "\url{http://nek.istanbul.edu.tr:4444/ekos/TEZ/53066.pdf}",
    note    = "Erişim Tarihi: 20 Mart 2024",
    year    = "n.d."
}

@misc{dergipark,
    author  = "{DergiPark}",
    title   = "{Makale}",
    howpublished = "\url{https://dergipark.org.tr/tr/download/article-file/193945}",
    note    = "Erişim Tarihi: 20 Mart 2024",
    year    = "n.d."
}

@misc{nuhazginoglu,
    author  = "{Nuh Azgınoğlu}",
    title   = "{Rastrigin Function}",
    howpublished = "\url{https://www.nuhazginoglu.com/tag/rastrigin-function/}",
    note    = "Erişim Tarihi: n.d.",
    year    = "n.d."
}

@misc{dergipark384717,
    author  = "İlker Yılmaz",
    title   = "{Bir Türkiye Kültür Mirası Olarak Cami-Ayasofya ve İstanbul}",
    howpublished = "\url{https://dergipark.org.tr/tr/download/article-file/384717}",
    note    = "Erişim Tarihi: 18 Nisan 2024",
    year    = "2018"
}

@misc{dergipark1095957,
    author  = "Meral Güler and Cansu Dikmen and Ali Rıza Akdeniz",
    title   = "{An Investigation of the Relationship between Critical Thinking Dispositions and Learning Styles of Prospective Teachers}",
    howpublished = "\url{https://dergipark.org.tr/en/download/article-file/1095957}",
    note    = "Erişim Tarihi: 18 Nisan 2024",
    year    = "2021"
}

@misc{ahmetcevahircinar,
    author  = "Ahmet Cevahir Çınar",
    title   = "{Diferansiyel Gelişim Algoritması}",
    howpublished = "\url{https://www.ahmetcevahircinar.com.tr/wp-content/uploads/2016/11/diferansiyel-gelisim-algoritmasi.pdf}",
    note    = "Erişim Tarihi: 18 Nisan 2024",
    year    = "n.d."
}

@misc{emoek,
    author  = "{Elektrik Mühendisleri Odası (EMO) Yenilenebilir Enerji Çalışma Grubu}",
    title   = "{Elektrik Mühendisleri Odası (EMO) Yenilenebilir Enerji Çalışma Grubu Rüzgar Enerji Santralleri Raporu}",
    howpublished = "\url{https://www.emo.org.tr/ekler/1ea6fd27746407a_ek.pdf}",
    note    = "Erişim Tarihi: 18 Nisan 2024",
    year    = "n.d."
}

@article{hindawi2018,
    author  = "K. Cengiz and H. {\.I}lhan and A. Yurtkuran and I. Eksin",
    title   = "{A Comprehensive Review on Differential Evolution Algorithm and Its Applications}",
    journal = "Mathematical Problems in Engineering",
    volume  = "2018",
    pages   = "2767546",
    year    = "2018",
    note    = "\url{https://downloads.hindawi.com/journals/sp/2018/2767546.pdf}"
}