@misc{Azmarie,
    title = {{Hairstyle-Transfer GitHub Repository}},
    author = {Azmarie},
    howpublished = {\url{https://github.com/Azmarie/Hairstyle-Transfer/blob/master/README.md}},
    year = {YYYY}
}

@article{SuhedaCilek,
    title = {ResNet (Residual Network) Nedir?},
    author = {Suheda Cilek},
    journal = {Medium},
    year = {2021},
    howpublished = {\url{https://suhedacilek.medium.com/resnet-residual-network-nedir-49105e642566}}
}

@inproceedings{He2016,
    title = {Deep Residual Learning for Image Recognition},
    author = {Kaiming He and Xiangyu Zhang and Shaoqing Ren and Jian Sun},
    booktitle = {Proceedings of the IEEE conference on computer vision and pattern recognition},
    year = {2016},
    pages = {770--778}
}

@article{RenuKhandelwal,
    title = {Yapay Sinir Ağlarında Kullanılan Optimizasyon Algoritmaları},
    author = {Renu Khandelwal},
    journal = {Medium},
    year = {2019},
    howpublished = {\url{https://medium.com/machine-learning-turkiye/yapay-sinir-alarnda-kullanlan-optimizasyon-algoritmalar-3e87cd738cb5}}
}

@article{AyyuceKizirak,
    title = {Derine, Daha Derine: Evrişimli Sinir Ağları},
    author = {Ayyüce Kızırak},
    journal = {Medium},
    year = {2018},
    howpublished = {\url{https://ayyucekizrak.medium.com/deri̇ne-daha-deri̇ne-evri̇şi̇mli-sinir-ağları-2813a2c8b2a9}}
}

@misc{OpenAI,
    title = {ChatGPT-3.5},
    author = {OpenAI},
    year = {2021},
    howpublished = {Bu kod ChatGPT 3.5 tarafından yazılmıştır.}
}

@article{Seyyarer2020,
    title = {Derin Öğrenmede Kullanılan Optimizasyon Algoritmalarının Uygulanması ve Karşılaştırılması},
    author = {Ebubekir Seyyarer et al.},
    journal = {Computer Science},
    volume = {5},
    number = {2},
    year = {2020},
    pages = {90--98}
}

@misc{Tekin,
    title = {ResNet — Oneğitimli Evrişimli Sinir Ağları},
    author = {Buse Yaren Tekin},
    year = {2022},
    howpublished = {\url{https://www.youtube.com/watch?v=6T9qFkL_z7w}}
}
