@article{mediumcom,
	title={YOLO Algoritması nedir?},
	author={Ece Akdağlı},
	journal={yolo},
	year={2021},
	note={\url {https://ece-akdagli.medium.com/yolo-algoritması-nedir-859862c7d5a6#:~:text=YOLO%20algoritması%20nasıl%20çalışır%3F,için%20belirli%20bir%20koşul%20yoktur.}}
}

@article{mediumcom2,
	title={YOLO Algoritmasını Anlamak},
	author={Yiğit Mesci},
	journal={yolo},
	year={2019},
	note={\url{https://medium.com/deep-learning-turkiye/yolo-algoritmasını-anlamak-290f2152808f}}
}

@article{ultralytics,
	title={Documentation},
	author={abirami-vina and glenn-jocher},
	journal={yolo},
	year={2019},
	note={\url {https://medium.com/deep-learning-turkiye/yolo-algoritmasını-anlamak-290f2152808f}}
}

@article{Segmentasyon,
	title={Görüntü Segmentasyonu},
	author={yentur},
	journal={Anlamsal Segmentasyon,Instance Segmentation},
	year={2021},
	note={\url{https://medium.com/move-on-ai/g%C3%B6r%C3%BCnt%C3%BC-segmentasyonu-ba193b168a1b}}
}

@misc{Nesne-Tanımlama,
	author = {murtaza},
	title = {{Nesne tanımlama}},
	howpublished ={\url{https://www.youtube.com/watch?v=tk9war7_y0Q/}} ,
	year = {2021}, 
	note = "[Online; accessed 03-nisan-2024]"
}
@misc{SOCARTürkiye,
	author = {SOCAR},
	title = {{SOCAR Türkiye}},
	howpublished = {\url{https://www.socar.com.tr/blog/arge-ve-inovasyon/goruntu-isleme-nedir/}},
	year = {2023}, 
	note = "[Online; accessed 03-nisan-2024]"
}


@article{ultralytics,
	title={Documentation},
	author={abirami-vina and glenn-jocher},
	journal={yolo},
	year={2019},
	note={\url{https://medium.com/deep-learning-turkiye/yolo-algoritmasını-anlamak-290f2152808f}}
}

@misc{picskin2016opencv,
	title={OpenCV ile Goruntu Isleme},
	author={Pi{\c{s}}kin, MESUT},
	year={2016}
}

@misc{Nesne-Tanımlama,
	author = {murtaza},
	title = {{Nesne tanımlama}},
	howpublished = {\url{https://www.youtube.com/watch?v=tk9war7_y0Q/}},
	year = {2021}, 
	note = "[Online; accessed 03-nisan-2024]"
}

@article{sencer2012gencc,
	title={Genç eriskin erkeklerde el orta parmağının bir kompartman olarak bazı vücut oranlarına oranları},
	author={Sencer, Önder},
	year={2012},
	publisher={Trakya Üniversitesi Sağlık Bilimleri Enstitüsü}
}


@article{stackoverflow,
	title={How can I remove dots from hand landmark in mediepipe},
	author={Yunus Temurlenk},
	journal={nesne},
	year={2023},
	note={\url{https://stackoverflow.com/questions/73816699/how-can-i-remove-dots-from-hand-landmark-in-mediepipe/}}
}
