@article{theashbot,
  author = {The Ash Bot},
  title = {How To Use Unity ML Agents 2.0.1},
  journal = {Youtube},
  year = {2023},
  url = {https://www.youtube.com/watch?v=RANRz9oyzko&list=LL&index=2&t=508s},
}