@article{model,
  author = {Thomas Simonini},
  title = {An Introduction to Unity ML-Agents},
  journal = {Medium},
  year = {2020},
  url = {https://towardsdatascience.com/an-introduction-to-unity-ml-agents-6238452fcf4c},
}

@article{theashbot,
  author = {The Ash Bot},
  title = {How To Use Unity ML Agents 2.0.1},
  journal = {Youtube},
  year = {2023},
  url = {https://www.youtube.com/watch?v=RANRz9oyzko&list=LL&index=2&t=508s},
}

@article{kiran2021deep,
  title={Deep reinforcement learning for autonomous driving: A survey},
  author={Kiran, B Ravi and Sobh, Ibrahim and Talpaert, Victor and Mannion, Patrick and Al Sallab, Ahmad A and Yogamani, Senthil and P{\'e}rez, Patrick},
  journal={IEEE Transactions on Intelligent Transportation Systems},
  volume={23},
  number={6},
  pages={4909--4926},
  year={2021},
  publisher={IEEE}
}

@article{flyyufelix,
  author = {flyyufelix},
  title = {Train Donkey Car in Unity Simulator with Reinforcement Learnin},
  journal = {GitHub},
  year = {2018},
  url = {https://github.com/flyyufelix/donkey_rl},
}