@article{zhang2018ffdnet,
  title={FFDNet: Toward a fast and flexible solution for CNN-based image denoising},
  author={Zhang, Kai and Zuo, Wangmeng and Zhang, Lei},
  journal={IEEE Transactions on Image Processing},
  volume={27},
  number={9},
  pages={4608--4622},
  year={2018},
  publisher={IEEE}
}

@inproceedings{yu2019deep,
  title={Deep iterative down-up cnn for image denoising},
  author={Yu, Songhyun and Park, Bumjun and Jeong, Jechang},
  booktitle={Proceedings of the IEEE/CVF conference on computer vision and pattern recognition workshops},
  pages={0--0},
  year={2019}
}


@online{Autoencoder,
  author = {{Autoencoder}},
  title = {{https://medium.com/@tejpal.abhyuday/every-thing-about-autoencoders-efad99fdb8ba}},
  year = {2024},
  url = {https://medium.com/@tejpal.abhyuday/every-thing-about-autoencoders-efad99fdb8ba},
}

@article{alawode2021dense,
  title={Dense-Sparse Deep CNN Training for Image Denoising},
  author={Alawode, Basit O and Masood, Mudassir and Ballal, Tarig and Al-Naffouri, Tareq},
  journal={arXiv preprint arXiv:2107.04857},
  year={2021}
}

https://www.pexels.com/tr-tr/
@online{Pexels,
  author = {{Pexels}},
  title = {{https://www.pexels.com/tr-tr/}},
  year = {2024},
  url = {https://www.pexels.com/tr-tr/},
}


https://pixabay.com/tr/
@online{Pixabay,
  author = {{Pixabay}},
  title = {{https://pixabay.com/tr/photos/search/?order=ec}},
  year = {2024},
  url = {https://pixabay.com/tr/photos/search/?order=ec},
}

@online{OpenCV,
  author = {{OpenCv}},
  title = {{https://docs.opencv.org/4.x/d4/d13/tutorial_py_filtering.html}},
  year = {2024},
  url = {https://docs.opencv.org/4.x/d4/d13/tutorial_py_filtering.html},
}

https://gist.github.com/Prasad9/28f6a2df8e8d463c6ddd040f4f6a028a?permalink_comment_id=4081146#gistcomment-4081146

@online{Github,
  author = {{Github}},
  title = {{https://gist.github.com/Prasad9/28f6a2df8e8d463c6ddd040f4f6a028a?permalink_comment_id=4081146#gistcomment-4081146}},
  year = {2024},
  url = {https://gist.github.com/Prasad9/28f6a2df8e8d463c6ddd040f4f6a028a?permalink_comment_id=4081146#gistcomment-4081146},
}

https://gist.github.com/gutierrezps/f4ddad3bbd2ad5a9b96e3c06378e28b4#file-cv2_noise-py

@online{Github2,
  author = {{Github}},
  title = {{https://gist.github.com/gutierrezps/f4ddad3bbd2ad5a9b96e3c06378e28b4#file-cv2_noise-py}},
  year = {2024},
  url = {https://gist.github.com/gutierrezps/f4ddad3bbd2ad5a9b96e3c06378e28b4#file-cv2_noise-py},
}

@online{Github3,
  author = {{Github}},
  title = {{https://github.com/christianversloot/machine-learning-articles/blob/main/how-to-use-conv2d-with-keras.md}},
  year = {2024},
  url = {https://github.com/christianversloot/machine-learning-articles/blob/main/how-to-use-conv2d-with-keras.md},
}

@online{Relu,
author = {Li, Z. and Nash, W. and Brien, S. and Qiu, Y. and Gupta, Rajeev and Birbilis, Nick},
year = {2022},
month = {02},
pages = {},
title = {cardiGAN: A Generative Adversarial Network Model for Design and Discovery of Multi Principal Element Alloys}
}

@online{Baeldung,
  author = {{Baeldung}},
  title = {{https://www.baeldung.com/cs/relu-vs-leakyrelu-vs-prelu}},
  year = {2024},
  url = {https://www.baeldung.com/cs/relu-vs-leakyrelu-vs-prelu},
}

https://www.nomidl.com/deep-learning/what-is-prelu-and-elu-activation-function/

@online{Nomidl,
  author = {{Nomidl}},
  title = {{https://www.nomidl.com/deep-learning/what-is-prelu-and-elu-activation-function/}},
  year = {2024},
  url = {https://www.nomidl.com/deep-learning/what-is-prelu-and-elu-activation-function/},
}

https://www.pexels.com/tr-tr/api/new/

@online{API,
  author = {{Pexels API}},
  title = {{https://www.pexels.com/tr-tr/api/new/}},
  year = {2024},
  url = {https://www.pexels.com/tr-tr/api/new/},
}

https://www.geeksforgeeks.org/python-requests-post-request-with-headers-and-body/

@online{geeksforgeeks,
  author = {{geeksforgeeks}},
  title = {{https://www.geeksforgeeks.org/python-requests-post-request-with-headers-and-body/}},
  year = {2024},
  url = {https://www.geeksforgeeks.org/python-requests-post-request-with-headers-and-body/},
}

https://en.wikipedia.org/wiki/Image_noise

@online{Wikipedia,
  author = {{Wikipedia}},
  title = {{https://en.wikipedia.org/wiki/Image_noise}},
  year = {2024},
  url = {https://en.wikipedia.org/wiki/Image_noise},
}

https://en.wikipedia.org/wiki/Speckle_(interference)#:~:text=Speckle%2C%20speckle%20pattern%2C%20or%20speckle,high%20sensitivity%20and%20simple%20setups.

@online{Wikipedia2,
  author = {{Wikipedia}},
  title = {{https://en.wikipedia.org/wiki/Speckle_(interference)#:~:text=Speckle%2C%20speckle%20pattern%2C%20or%20speckle,high%20sensitivity%20and%20simple%20setups.}},
  year = {2024},
  url = {https://en.wikipedia.org/wiki/Speckle_(interference)#:~:text=Speckle%2C%20speckle%20pattern%2C%20or%20speckle,high%20sensitivity%20and%20simple%20setups.},
}



@online{Wikipedia3,
  author = {{Wikipedia}},
  title = {{https://en.wikipedia.org/wiki/Peak_signal-to-noise_ratio}},
  year = {2024},
  url = {https://en.wikipedia.org/wiki/Peak_signal-to-noise_ratio},
}

@article{sohag2013novel,
  title={A novel approach for image steganography using dynamic substitution and secret key},
  author={Sohag, Saeed Ahmed and Islam, Md Kabirul and Islam, Md Baharul},
  journal={American Journal of Engineering Research (AJER)},
  volume={2},
  number={9},
  pages={118--126},
  year={2013}
}

https://en.wikipedia.org/wiki/Structural_similarity_index_measure

@online{Wikipedia4,
  author = {{Wikipedia}},
  title = {{https://en.wikipedia.org/wiki/Structural_similarity_index_measure}},
  year = {2024},
  url = {https://en.wikipedia.org/wiki/Structural_similarity_index_measure},
}

https://mubeta06.github.io/python/sp/ssim.html

@online{SSIM,
  author = {{Github.io}},
  title = {{https://mubeta06.github.io/python/sp/ssim.html}},
  year = {2024},
  url = {https://mubeta06.github.io/python/sp/ssim.html},
}