@article{mnih2013playing,
  title={Playing atari with deep reinforcement learning},
  author={Mnih, Volodymyr and Kavukcuoglu, Koray and Silver, David and Graves, Alex and Antonoglou, Ioannis and Wierstra, Daan and Riedmiller, Martin},
  journal={arXiv preprint arXiv:1312.5602},
  year={2013}
}
@inproceedings{mnih2016asynchronous,
  title={Asynchronous methods for deep reinforcement learning},
  author={Mnih, Volodymyr and Badia, Adria Puigdomenech and Mirza, Mehdi and Graves, Alex and Lillicrap, Timothy and Harley, Tim and Silver, David and Kavukcuoglu, Koray},
  booktitle={International conference on machine learning},
  pages={1928--1937},
  year={2016},
  organization={PMLR}
}
@article{silver2016mastering,
  title={Mastering the game of Go with deep neural networks and tree search},
  author={Silver, David and Huang, Aja and Maddison, Chris J and Guez, Arthur and Sifre, Laurent and Van Den Driessche, George and Schrittwieser, Julian and Antonoglou, Ioannis and Panneershelvam, Veda and Lanctot, Marc and others},
  journal={nature},
  volume={529},
  number={7587},
  pages={484--489},
  year={2016},
  publisher={Nature Publishing Group}
}
@inproceedings{torrado2018deep,
  title={Deep reinforcement learning for general video game ai},
  author={Torrado, Ruben Rodriguez and Bontrager, Philip and Togelius, Julian and Liu, Jialin and Perez-Liebana, Diego},
  booktitle={2018 IEEE Conference on Computational Intelligence and Games (CIG)},
  pages={1--8},
  year={2018},
  organization={IEEE}
}
@article{mnih013playing,
  title={Implementation of tennis game simulation with reinforcement learning},
  author={Bakhtiyar Ospanov,M. Fatih Demirci},
  journal={DergiPark},
  year={2023}

}
