
@article{ahsan2023deep,
	title="Deep transfer learning approaches for Monkeypox disease diagnosis",
	author="Ahsan, Md Manjurul and Uddin, Muhammad Ramiz and Ali, Md Shahin and Islam, Md Khairul and Farjana, Mithila and Sakib, Ahmed Nazmus and Al Momin, Khondhaker and Luna, Shahana Akter",
	
}
@article{MarinaTaffou,
	title="A study to overcome people's fear of animals",
	author="User
		Marine Taffou
Emmanuelle Chapoulie
Adrien David
Rachid Guerchouche
George Drettakis
Isabelle Viaud-Delmon",
	journal="Paris, Fransa'daki UMR 9912 CNRS IRCAM UPMC ve Sophia Antipolis ",

}

@online{youtube,
	title = "https://youtu.be/x1j4v_yJ0ps?si=uwgcyXnyngR9-eXl",
	url = "https://youtu.be/x1j4v_yJ0ps?si=uwgcyXnyngR9-eXl",
	
}

@misc{astar,


  howpublished = "\url{https://tr.wikipedia.org/wiki/A*_arama_algoritmas%C4%B1}",
  year = {2008}, 
  note = "[Online; accessed 19-July-2008]"
}
@misc{overlap,

	howpublished = "\url{https://docs.unrealengine.com/4.27/en-US/API/Runtime/Engine/GameFramework/AActor/OnActorBeginOverlap/#:~:text=FActorBeginOverlapSignature%20OnActorBeginOverlap,%2C%20see%20'Hit'%20events}"
	
}

@misc{collision,

howpublished = "\url{https://dev.epicgames.com/documentation/en-us/uefn/configuring-collision-for-a-static-mesh-in-unreal-editor-for-fortnite}"

}
@misc{spawn,
	
	howpublished = "\url{https://docs.unrealengine.com/4.26/en-US/ProgrammingAndScripting/ProgrammingWithCPP/UnrealArchitecture/Actors/Spawning/
	}"
	
}
@misc{eventdis,
	
	howpublished = "\url{https://docs.unrealengine.com/4.26/en-US/ProgrammingAndScripting/Blueprints/UserGuide/EventDispatcher/
	}"
	
}
@misc{aÄ±alan ,
	
	howpublished = "\url{https://www.youtube.com/watch?v=spSfEKOUBr8&t=4883s
	}"
	
}
@misc{ref,
	
	howpublished = "\url{https://www.youtube.com/watch?v=KrJaFojNIzs
	}"
	
}

