
@online{researchgate,
	author = {Fatih Cogen},
	title = {Driver fatigue detection with image processing},
	howpublished = {\url{https://www.researchgate.net/publication/345253476_Driver_fatigue_detection_with_image_processing}},
	note = {21.03.2024},
	year = {2020}
}
@online{bulentsezen,
	author = {bulentsezen},
	title = {tensorflowderinogrenme},
	howpublished = {\url{https://github.com/bulentsezen/tensorflow_derin_ogrenme.git}},
	note = {21.03.2024},
	year = {2022/2024}
}
@online{onursahin,
	author = {Onur Şahin},
	title = {Windows'a Dlib Kütüphanesini Kurma},
	howpublished = {\url{https://onursahin.net/windowsa-dlib-kutuphanesini-kurma/}},
	note = {Erişim tarihi: 03.04.2024},
	year = {2024}
}

@online{amos2018,
	author = {Brandon Amos},
	title = {The 68 landmarks detected by dlib library},
	howpublished = {\url{https://www.researchgate.net/figure/The-68-landmarks-detected-by-dlib-library-This-image-was-created-by-Brandon-Amos-of-CMU_fig2_329392737}},
	note = {Erişim tarihi: 03.04.2024},
	year = {2018}
}
@online{neelan,
	author = {neelanjan00},
	title = {DriverDrowsinessDetection},
	howpublished = {\url{https://github.com/neelanjan00/Driver-Drowsiness-Detection.git}},
	note = {21.03.2024},
	year = {2020/ 2022}
}
@online{eadali,
	author = {Erkan},
	title = {Driver Drowsiness Detection System Process Diagram},
	howpublished = {\url{https://github.com/eadali/pytorch-drowsiness-detection/blob/main/doc/process.png}},
	note = {Erişim tarihi: 03.04.2024},
	year = {2024}
}
@online{superthinking,
	author = {Vishal Dhawan},
	title = {Driver Drowsiness Detection},
	howpublished = {\url{https://github.com/SuperThinking/driver-drowsiness-detection}},
	note = {Erişim tarihi: 13.04.2024},
	year = {2024}
}
@online{cnnnedir,
author={Tuncer Ergin},
title={CNN nedir},
howpublished={\url{https://medium.com/@tuncerergin/convolutional-neural-network-convnet-yada-cnn-nedir-nasil-calisir-97a0f5d34cad}},
note = {Erişim tarihi: 13.04.2024},
year = {2024}
}
@online{cnnnedirtek,
	author={Özgür Doğan},
	title={CNN nedir},
	howpublished={\url{https://teknoloji.org/cnn-convolutional-neural-networks-nedir}},
	note = {Erişim tarihi: 13.04.2024},
	year = {2024}
}
@online{aayushrai,
	author = {aayushrai},
	title = {Driversafety},
	howpublished = {\url{https://github.com/aayushrai/Driver_safety.git}},
	note = {21.03.2024},
	year = {2019}
}
@online{mrl,
	author = {Media Research Lab},
	title = {MRL Eye Dataset},
	howpublished = {\url{http://mrl.cs.vsb.cz/eyedataset}},
	note = {21.03.2024},
	year = {2021}
}
@online{ieeedata,
	author = {MonaOmidyeganehShervinShirmohammadiBehnooshHariri},
	title = {YAWNING DETECTION DATASET},
	howpublished={\url{http://ieee-dataport.org/open-access/yawdd-yawning-detection-dataset}},
	note = {21.03.2024},
	year = {Sun, 12/13/2020}
}
	@online{dasar_haartrain,
		author = {Dasar},
		title = {driver dataset},
		howpublished = {\url{https://www.mediafire.com/file/1aq02tpidk105fv/dasar_haartrain.rar/file}},
		note = {Erişim tarihi: 21.03.2024},
		year = {Sun, 12/13/2020}
}
	
	