@online{kaynakca,
    author    = "Azmarie",
    title     = "Hairstyle-Transfer",
    url       = "https://github.com/Azmarie/Hairstyle-Transfer/blob/master/README.md",
    addendum  = "GitHub repository",
    keywords  = "Hairstyle Transfer, Style Transfer, Image Processing",
}
@article{seyyarer2020derin,
  title={Derin {\"o}{\u{g}}renmede kullanilan optimizasyon algoritmalarinin uygulanmasi ve kiyaslanmasi},
  author={SEYYARER, Ebubekir and AYATA, Faruk and U{\c{C}}KAN, Taner and KARC{\.I}, Ali},
  journal={Computer Science},
  volume={5},
  number={2},
  pages={90--98},
  year={2020},
  publisher={Ali KARCI}
}
@misc{medium2023optimizasyon,
  author = {Renu Khandelwal},
  title = {Yapay Sinir Ağlarında Kullanılan Optimizasyon Algoritmaları},
  year = {2019},
  howpublished = {\url{https://medium.com/machine-learning-türkiye/yapay-sinir-ağlarında-kullanılan-optimizasyon-algoritmaları-3e87cd738cb5}},
}
@inproceedings{he2016deep,
  title={Deep residual learning for image recognition},
  author={He, Kaiming and Zhang, Xiangyu and Ren, Shaoqing and Sun, Jian},
  booktitle={Proceedings of the IEEE conference on computer vision and pattern recognition},
  pages={770--778},
  year={2016}
}
@article{cilek2021resnet,
  title={ResNet (Residual Network) Nedir?},
  author={Çilek, Suheda},
  journal={Medium},
  year={2021},
  url={https://suhedacilek.medium.com/resnet-residual-network-nedir-49105e642566}
}
@online{youtube-video,
  title={ResNet | Öneğitimli Evrişimli Sinir Ağları},
  author={Buse Yaren Tekin},
  year={2022},
  url={https://www.youtube.com/watch?v=6T9qFkL_z7w}
}
@article{kizirak2018,
  title={Derine, daha derine: Evrişimli Sinir Ağları},
  author={Kızırak, Ayyüce},
  journal={Medium},
  year={2018},
  url={https://ayyucekizrak.medium.com/deri̇ne-daha-deri̇ne-evrişimli-sinir-ağları-2813a2c8b2a9}
}
@misc{chatgpt35,
  author = {OpenAI},
  title = {ChatGPT-3.5},
  year = {2021},
  note = {Bu kod ChatGPT 3.5 tarafından yazılmıştır.}
}
