@book{kasper,
  author = {Kaspersky},
  year = {2023},
  title = {Rising Threat},
  publisher = {Kaspersky}
}
@book{git1,
  author = {Surajr},
  year = {2016},
  title = {Machine Learning approach for Malware Detection},
  publisher = {Github}
}

@book{ytp1,
  author = {Asim Gull},
  year = {2021},
  title = {Malware Detection by Machine Learning and Deep Learning},
  publisher = {Youtube}
}
@book{git2,
  author = {Vatshayan},
  year = {2022},
  title = {Android Malware Detection Using Machine Learning},
  publisher = {Github-Youtube}
}
@book{Fe,
  author = {Nazlı Sıla Özakca},
  year = {2022},
  title = {Feature Engineering Nedir? Kısa Bakış
},
  publisher = {Medium}
}
@book{c,
  author = {Tristan Carrier},
  year = {2022},
  title = {Malware Memory Analysis},
  publisher = {Kaggle}
}
@book{met1,
  author = {Kabir Dhruw},
  year = {2022},
  title = {Anomaly Based Malware Detection – 1},
  publisher = {KIIOCITY}
}
@book{ml,
  author = {SAP},
  year = {2021},
  title = {Makine öğrenmesi nedir?},
  publisher = {SAP}
}
@book{FE,
  author = {Nazlı Sıla Özakca},
  year = {2022},
  title = {Feature Engineering Nedir? Kısa Bakış
},
  publisher = {Kaggle}
}

@book{KA,
  author = {Ecem Esra ÖZTÜRK},
  year = {2020},
  title = {Korelasyon Analizi(r) Nedir?
},
  publisher = {VBO}
}
@book{SS,
  author = {Aslı Asutay},
  year = {2023},
  title = {Standardscaler Nedir?
},
  publisher = {Aslı Asutay}
}
@book{Method,
  author = {Ramiscanyakar
},
  year = {2020},
  title = {Sci-Kit Learn .fit(), .transform(), .fit_transform() Methodları Farkı},
  publisher = {Medium}

@book{P,
  author = {Mustafa Erdogan
},
  year = {2023},
  title = {Makine Öğrenmesi Sınıflandırma Modelleri: Accuracy, Precision, Recall, F1-score, Log Loss and Micro-Macro-Weighted Avg},
  publisher = {Medium}
}

@book{PEP,
  author = {Ahmet PAYASLIOĞLU
},
  year = {2020},
  title = {Portable Executable Dosya Formatı Üzerinden Malware Analizi},
  publisher = {Medium,https://ahmetpayaslioglu.medium.com/pe-portable-executable-dosya-format}
}

@book{PE2,
  author = {wintersoldier1903
},
  year = {2024},
  title = {PE (Portable Executable) Nedir ?},
  publisher = {Turk Hack Team,https://www.turkhackteam.org/konular/pe-portable-executable-nedir.2055135}
}


@book{PE3,
  author = {umasolution
},
  year = {2019},
  title = {ML-malware-detection},
  publisher = {Github,https://github.com/umasolution/ML-malware-detection/blob/master/checkmanalyzer.py.org}
}




@book{PE4,
  author = {wintersoldier1903
},
  year = {2024},
  title = {PE (Portable Executable) Nedir ?},
  publisher = {Turk Hack Team,https://www.turkhackteam.org/konular/pe-portable-executable-nedir.2055135}
}



@book{PE5,
  author = {Ero Carrera
},
  year = {2023},
  title = {Pefile},
  publisher = {Github,https://github.com/erocarrera/pefile/blob/master/pefile.py}
}


@book{PE6,
  author = {Stanislav-Povolotsky
},
  year = {2018},
  title = {peanalyzer
},
  publisher = {Github,https://github.com/blacknbunny/peanalyzer/blob/master/peanalyzer.py}
}


@book{PE7,
  author = {Adam Swanda
},
  year = {2018},
  title = {pe-static},
  publisher = {Github,https://www.turkhackteam.org/konular/pe-portable-executable-nedir.2055135}
}

@book{PE8,
  author = {Mustafa Akbaba
},
  year = {2024},
  title = {ChatGPT},
  publisher = {OpenAI,Version 3.5}
}
@book{Tl,
      author = {Unreal Engineer
},
  year = {2023},
  title = {Tkinter nedir?},
  publisher = {ModArt PC,https://forum.modartpc.com/konu/tkinter-nedir.3554/}
}
@book{T2,
      author = {Dizinbilgi
},
  year = {2023},
  title = {Tkinter Kütüphanesi Nedir ?
},
  publisher = {Medium,https://medium.com/@dizinbilgi/tkinter-Cphanesi-nedir-}
}
@book{T3,
  author = {Mustafa Akbaba
},
  year = {2024},
  title = {ChatGPT},
  publisher = {OpenAI,Version 3.5}
}
