@article{yegulalp2024,
	title={What is TensorFlow? The machine learning library explained},
	author={Yegulalp, Serdar},
	journal={InfoWorld},
	year={2024},
	volume={},
	number={},
	pages={},
	month={January},
	day={5},
	publisher={IDG Communications, Inc.},
	note={\url{https://www.infoworld.com/article/3278008/what-is-tensorflow-the-machine-learning-library-explained.html}}
}

@article{johnson2023,
	title={TensorFlow Temelleri: Tensör, Şekil, Tür, Oturumlar ve Operaları},
	author={Johnson, Daniel},
	journal={Guru99},
	year={2023},
	volume={},
	number={},
	pages={},
	month={December},
	day={26},
	publisher={Guru99},
	note={\url{https://www.guru99.com/tr/tensor-tensorflow.html}},
}

@article{devhunter2018,
	title={TensorFlow'un Temeli ve Mantığı},
	author={DevHunter},
	journal={DevHunter},
	year={2018},
	volume={},
	number={},
	pages={},
	month={June},
	day={27},
	publisher={DevHunter},
	
}


@article{allibhai,
	title={Building a Deep Learning Model using Keras},
	author={Allibhai, Jaz},
	journal={Towards Data Science},
	year={2022},
	note={https://towardsdatascience.com/building-a-deep-learning-model-using-keras-1548ca149d37}
}


@article{bergmann2024zero,
	title={Zero-shot learning},
	author={Bergmann, Dave},
	journal={IBM Topics},
	volume={},
	number={},
	pages={},
	year={2024},
	publisher={IBM},
	note={\url{https://stackoverflow.com/questions/75503261/an-exception-has-occurred-use-tb-to-see-the-full-traceback-systemexit-2}}
}

@online{ceylan2014hayvanlar,
	author = {Ceylan, Erdal},
	title = {Dünyanın En İlginç ve En Bilinmeyen Hayvanları},
	year = {2014},
	url = {\url{https://onedio.com/haber/dunyanin-en-ilginc-ve-en-bilinmeyen-hayvanlari-296058} },
	organization = {Onedio},
	note = {Son Güncelleme: 6 Temmuz 2022}
}


@online{stokfoto,
	title = {Stok Fotoğraf},
	author = {},
	year = {2013},
	url = {\url{https://www.google.com/url?sa=i&url=https%3A%2F%2Fwww.istockphoto.com%2Ftr%2Ffoto%25C4%259Fraf%2Fgavial-indian-gm175949673-26202878&psig=AOvVaw1U5rQ4aE1vK44EBaAZOpfP&ust=1712235074380000&source=images&cd=vfe&opi=89978449&ved=0CBIQjRxqFwoTCLD6gu2KpoUDFQAAAAAdAAAAABAE}},
	organization = {iStockphoto},
	note = {Stok Fotoğraf ID: 175949673, Yükleme Tarihi: 7 Ağustos 2013, Kategoriler: Stok Fotoğraflar|Gavyal}
}

@article{ma2024clip,
	title={CLIP-EBC: CLIP Can Count Accurately through Enhanced Blockwise Classification},
	author={Ma, Yiming and Sanchez, Victor and Guha, Tanaya},
	journal={arXiv preprint arXiv:2403.09281},
	year={2024}
}


@article{loy2013crowd,
	title={Crowd Counting and Profiling: Methodology and Evaluation},
	author={Loy, Chen Change and Chen, Kai and Gong, Shaogang and Xiang, Tao},
	journal={Modeling, Simulation and Visual Analysis of Crowds},
	volume={11},
	pages={347--382},
	year={2013},
	publisher={Springer},
	note={\url{https://www.kaggle.com/datasets/fmena14/crowd-counting}}
}

@misc{shanghaitechdataset,
	title = {ShanghaiTechDataset},
	author = {Desen Zhou},
	year = {2017},
	howpublished = {\url{https://github.com/desenzhou/ShanghaiTechDataset}},
	note = {GitHub reposuna , erişim tarihi  23 nisan 2024}
}
@inproceedings{idrees2018composition,
	title={Composition loss for counting, density map estimation and localization in dense crowds},
	author={Idrees, Haroon and Tayyab, Muhmmad and Athrey, Kishan and Zhang, Dong and Al-Maadeed, Somaya and Rajpoot, Nasir and Shah, Mubarak},
	booktitle={Proceedings of the European conference on computer vision (ECCV)},
	pages={532--546},
	year={2018}
}
@misc{CB_Acnt,
	author = {CBAcnt},
	title = {An exception has occurred, use %tb to see the full traceback. SystemExit: 2},
	howpublished = {Sistem Çıkışı: 2},
	note={\url{https://stackoverflow.com/questions/75503261/an-exception-has-occurred-use-tb-to-see-the-full-traceback-systemexit-2}}
}
@inproceedings{2018composition2,
	title={Composition Loss for Counting, Density Map Estimation and Localization in Dense Crowds},
	author={Idrees, Haroon and Tayyab, Muhammad and Athrey, Karthik and Zhang, Dong and Al-Maddeed, Saad and Rajpoot, Nasir and Shah, Mubarak},
	booktitle={Proceedings of IEEE European Conference on Computer Vision (ECCV 2018)},
	year={2018},
	address={Munich, Germany},
	month={September 8-14},
	organization={IEEE},
	url={\url{https://www.crcv.ucf.edu/data/ucf-qnrf/}}
}
@misc{wang2020nwpu,
	title={The NWPU-Crowd Dataset},
	author={Wang, Jianfeng and Wang, Xinggang and Gao, Wenguan and Zhang, Shiming and Shen, Jianbing and Shao, Ling},
	howpublished={\url{https://www.crowdbenchmark.com/nwpucrowd.html}},
	note={The NWPU-Crowd Dataset is constructed by Wang et al. from NWPU. It is a large-scale congested crowd counting dataset that consists of 5,109 images crawled from the Internet, elaborately annotating 2,133,375 instances. If you would like to submit your results, please register, login, and read the guideline.}
}


