
@misc{deep_learning_turkiye,
    author = {{Deep Learning Türkiye}},
    title = {RNN Nedir? Nasıl Çalışır?},
    howpublished = {\url{https://medium.com/deep-learning-turkiye/rnn-nedir-nas%C4%B1l-%C3%A7al%C4%B1%C5%9F%C4%B1r-9e5d572689e1}},
    note = {Erişim Tarihi: 20 Mart 2024},
    year = {2018}
}
@misc{tensorflow_time_series,
    author = {{TensorFlow}},
    title = {Structured Data: Time Series forecasting},
    howpublished = {\url{https://www.tensorflow.org/tutorials/structured_data/time_series?hl=tr}},
    note = {Accessed: March 20, 2024},
    year = {2022}
}


@misc{ulasav_hava_durumu,
    author = {{UlaşAV}},
    title = {Hava Durumu Ölçüm Değerleri},
    howpublished = {\url{https://ulasav.csb.gov.tr/dataset/42-hava-durumu-olcum-degerleri}},
    note = {Erişim Tarihi: 20 Mart 2024},
    year = {2023}
}
@misc{ulasav_hava_durumu_verileri,
    author = {{UlaşAV}},
    title = {Hava Durumu Verileri},
    howpublished = {\url{https://ulasav.csb.gov.tr/dataset/06-hava-durumu-verileri}},
    note = {Erişim Tarihi: 20 Mart 2024},
    year = {2023}
}
@misc{medium_weather_forecasting, 
    title = {Weather Forecasting with Recurrent Neural Networks},
    howpublished = {\url{https://medium.com/analytics-vidhya/weather-forecasting-with-recurrent-neural-networks-1eaa057d70c3}},
    note = {Erişim Tarihi: 20 Mart 2024},
    
}
@misc{dergipark_article,
    title = {Title of the Article},
    author = {Author(s) of the Article},
  howpublished = {\url{https://dergipark.org.tr/en/download/article-file/2020485}},
    
    note = {Erişim Tarihi: 20 Mart 2024}
}
@misc{mcvarer_rnn_incelemesi,
    author = {McVarer},
    title = {RNN, LSTM ve GRU Modellerinin İncelemesi},
    howpublished = {\url{https://medium.com/@mcvarer/rnn-lstm-ve-gru-modellerinin-incelemesi-f59a73499edb}},
    note = {Erişim Tarihi: 20 Mart 2024},
   
}
@misc{pitonca_blog,
    author = {{Pitonca}},
    title = {MLP, CNN ve RNN Sinir Ağları Ne Zaman Kullanılır?},
    howpublished = {\url{https://www.pitonca.com/blog/index.php/16-yapay-zeka/20-mlp-cnn-ve-rnn-sinir-aglar-ne-zaman-kullan-l-r}},
    note = {Erişim Tarihi: 20 Mart 2024},

}
@misc{lstmgrafik,
    author = {{Dive into Deep Learning}},
    title = {LSTM (Uzun Kısa Süreli Bellek)},
    howpublished = {\url{https://tr.d2l.ai/chapter_recurrent-modern/lstm.html}},
    note = {Erişim Tarihi: 20 Mart 2024},
 
}

@misc{lstmkod,
    author = {{Towards Data Science}},
    title = {Illustrated Guide to LSTMs and GRUs: A Step-by-Step Explanation},
    howpublished = {\url{https://towardsdatascience.com/illustrated-guide-to-lstms-and-gru-s-a-step-by-step-explanation-44e9eb85bf21}},
    note = {Erişim Tarihi: 20 Mart 2024},

}


@misc{lstmnedir,
    author = {{DataKapital}},
    title = {Yinelenen Sinir Ağları Nedir?},
    howpublished = {\url{https://datakapital.com/blog/yinelenen-sinir-aglari-nedir/}},
    note = {Erişim Tarihi: 20 Mart 2024},
    year = {Tarih bilinmiyor}
}


@misc{lstmyapısı2,
    author = {Author(s) Name},
    title = {Article Title},
    journal = {Water},
    volume = {12},
    number = {1},
    pages = {175},
    year = {2020},
    doi = {10.3390/w12010175},
howpublished = {\url{https://www.mdpi.com/2073-4441/12/1/175}},
    
    note = {Erişim Tarihi: 20 Mart 2024}
}
@misc{lstmmimarisi,
    author = {Yazar Adı veya Yazarlar},
    title = {Makalenin Başlığı},
    journal = {Derginin Adı},
    volume = {Cilt Numarası},
    number = {Sayı Numarası},
    pages = {Sayfa Numaraları},
    year = {Yayın Yılı},
howpublished = {\url{https://dergipark.org.tr/en/download/article-file/1371423}},
    
    note = {Erişim Tarihi: 20 Mart 2024}
}
@misc{GRU,
    author = {Mustafa Can Vurarer},
    title = {RNN, LSTM ve GRU Modellerinin İncelemesi},
    howpublished = {\url{https://medium.com/@mcvarer/rnn-lstm-ve-gru-modellerinin-incelemesi-f59a73499edb}},
    note = {Erişim Tarihi: 20 Mart 2024},
    year = {2022}
}
@misc{mgm_hava_iklim,
    title = {Hava ve İklim},
    author = {Türkiye Meteoroloji Genel Müdürlüğü},
    howpublished = {\url{https://mgm.gov.tr/FILES/genel/makale/4_Havaiklim.pdf}},
    note = {Erişim Tarihi: 20 Mart 2024},
    year = {Tarih bilinmiyor}
}
@misc{minmax,
    author = {Mehmet Can Duru},
    title = {Özellik Ölçeklendirme: StandardScaler, RobustScaler ve MinMaxScaler Karşılaştırması},
    howpublished = {\url{https://medium.com/@mehmetcanduru/özellik-ölçeklendirme-standardscaler-robustscaler-ve-minmaxscaler-karşılaştırması-a2b40a56b550}},
    note = {Erişim Tarihi: 20 Mart 2024},
    year = {2020}
}
@misc{plotly_table,
    author = {{Plotly}},
    title = {Table in Python},
    howpublished = {\url{https://plotly.com/python/table/}},
    note = {Erişim Tarihi: 20 Mart 2024},
    
}
@misc{lgrafik,
    author = {{Keras}},
    title = {Model training APIs - fit method},
    howpublished = {\url{https://keras.io/api/models/model_training_apis/#fit-method}},
    note = {Erişim Tarihi: 20 Mart 2024},
    
}
@misc{Kizilgedik2023,
  author = {Yusuf Kizilgedik},
  title = {GitHub Gist},
  year = {2023},
howpublished = {\url{https://gist.github.com/YusufKizilgedik/1edae4ff8630a49a29cb86fbc4e4c2de}},
  
  note = {Accessed: 2024-06-07}
}
@misc{L1,
  author       = {James D. Annan and J. C. Hargreaves},
  title        = {Using Causal Discovery Algorithms to Investigate Solar and ENSO Influences on Temperature},
  howpublished = {\url{https://www.mdpi.com/2073-4433/10/11/668}},
  year         = {2019},
  note         = {Erişim Tarihi: 2024-06-12}
}

@misc{L2,
  author       = {Mustafa S. Celen},
  title        = {Operational Excellence in Business Processes: Monitoring, Diagnosis, and Improvement},
  howpublished = {\url{https://ieomsociety.org/detroit2020/papers/540.pdf}},
  year         = {2020},
  note         = {Erişim Tarihi: 2024-06-12}
}

@misc{L3,
  author       = {Ana I. J. Aparecido and Joseph B. Fisher and Ji Chen and Jared Leffler and
                  Christopher T. Martius and Stefan Schnitzer},
  title        = {Tree community structural changes in response to logging in Amazonia},
  howpublished = {\url{https://journals.plos.org/plosone/article?id=10.1371/journal.pone.0285713}},
  year         = {2023},
  note         = {Erişim Tarihi: 2024-06-12}
}
