@book{kasper,
  author = {Kaspersky},
  year = {2023},
  title = {Rising Threat},
  publisher = {Kaspersky}
}
@book{bas,
  author = {Balaji Baskaran and Anca Ralescu},
  year = {2016},
  title = {A Study of Android Malware Detection Techniques and Machine Learning},
  publisher = {Universiy of Dayton}
}
@book{git1,
  author = {Surajr},
  year = {2016},
  title = {Machine Learning approach for Malware Detection},
  publisher = {Github}
}

@book{ytp1,
  author = {Asim Gull},
  year = {2021},
  title = {Malware Detection by Machine Learning and Deep Learning},
  publisher = {Youtube}
}
@book{git2,
  author = {Vatshayan},
  year = {2022},
  title = {Android Malware Detection Using Machine Learning},
  publisher = {Github-Youtube}
}
@book{met1,
  author = {Kabir Dhruw},
  year = {2022},
  title = {Anomaly Based Malware Detection – 1},
  publisher = {KIIOCITY}
}
@book{kaggle,
  author = {Dsc-Class},
  year = {2021},
  title = {Anomaly Based Malware Detection – 1},
  publisher = {Kaggle.com}
}
