@article{SurrogateModellingofVLE ,
author = {Carranza Abaid, Andr√©s and Svendsen, Hallvard and Jakobsen, Jana},
year = {2020},
month = {09},
pages = {},
title = {Surrogate Modelling of VLE: Integrating Machine Learning with Thermodynamic Constraints},
journal = {Chemical Engineering Science},
doi = {10.1016/j.cesx.2020.100080}
}
@inproceedings{van2007python,
  title={Python Programming Language.},
  author={Van Rossum, Guido and others},
  booktitle={USENIX annual technical conference},
  volume={41},
  number={1},
  pages={1--36},
  year={2007},
  organization={Santa Clara, CA}
}
@inproceedings{celebi2021histogram,
  title={Histogram Equalization for Grayscale Images and Comparison with OpenCV Library},
  author={Celebi, Tayfun and Shayea, Ibraheem and El-Saleh, Ayman A and Ali, Sawsan and Roslee, Mardeni},
  booktitle={2021 IEEE 15th Malaysia International Conference on Communication (MICC)},
  pages={92--97},
  year={2021},
  organization={IEEE}
}
@book{ranjan2020applied,
  title={Applied Deep Learning and Computer Vision for Self-Driving Cars: Build autonomous vehicles using deep neural networks and behavior-cloning techniques},
  author={Ranjan, Sumit and Senthamilarasu, S},
  year={2020},
  publisher={Packt Publishing Ltd}
}
@inproceedings{gadri2022efficient,
  title={Efficient traffic signs recognition based on cnn model for self-driving cars},
  author={Gadri, Said and Adouane, Nour ElHouda},
  booktitle={Intelligent Computing \& Optimization: Proceedings of the 4th International Conference on Intelligent Computing and Optimization 2021 (ICO2021) 3},
  pages={45--54},
  year={2022},
  organization={Springer}
}
@inproceedings{stallkamp2011german,
  title={The German traffic sign recognition benchmark: a multi-class classification competition},
  author={Stallkamp, Johannes and Schlipsing, Marc and Salmen, Jan and Igel, Christian},
  booktitle={The 2011 international joint conference on neural networks},
  pages={1453--1460},
  year={2011},
  organization={IEEE}
}
@article{soni2021design,
  title={Design of a machine learning-based self-driving car},
  author={Soni, Abhishek and Dharmacharya, Dharamvir and Pal, Amrindra and Srivastava, Vivek Kumar and Shaw, Rabindra Nath and Ghosh, Ankush},
  journal={Machine Learning for Robotics Applications},
  pages={139--151},
  year={2021},
  publisher={Springer}
}
@book{pardoe2020applied,
  title={Applied regression modeling},
  author={Pardoe, Iain},
  year={2020},
  publisher={John Wiley \& Sons}
}
@inproceedings{deepika2017obstacle,
  title={Obstacle classification and detection for vision based navigation for autonomous driving},
  author={Deepika, N and Variyar, VV Sajith},
  booktitle={2017 International Conference on Advances in Computing, Communications and Informatics (ICACCI)},
  pages={2092--2097},
  year={2017},
  organization={IEEE}
}
@online{ElectronicResearchDataArchive,
  author = {University of Copenhagen},
  title = {https://sid.erda.dk/public/archives/daaeac0d7ce1152aea9b61d9f1e19370/published-archive.html},
  year = {2019},
  url = {https://sid.erda.dk/public/archives/daaeac0d7ce1152aea9b61d9f1e19370/published-archive.html}
}
@article{ferencz2024neural,
  title={Neural Network-based Multi-Class Traffic-Sign Classification with the German Traffic Sign Recognition Benchmark},
  author={Ferencz, Csan{\'a}d and Z{\"o}ldy, M{\'a}t{\'e}},
  journal={Acta Polytechnica Hungarica},
  volume={21},
  number={7},
  year={2024}
}
@online{Udacity,
  author = {Udacity},
  title = {https://github.com/udacity/self-driving-car-sim?tab=readme-ov-file},
  year = {2016},
  url = {https://github.com/udacity/self-driving-car-sim?tab=readme-ov-file}
}
@online{Imitation,
  author = {Icarus},
  title = {https://icarus.csd.auth.gr/imitation-learning-lecture/},
  year = {2016},
  url = {https://icarus.csd.auth.gr/imitation-learning-lecture/}
}
@inproceedings{prakash2020exploring,
  title={Exploring data aggregation in policy learning for vision-based urban autonomous driving},
  author={Prakash, Aditya and Behl, Aseem and Ohn-Bar, Eshed and Chitta, Kashyap and Geiger, Andreas},
  booktitle={Proceedings of the IEEE/CVF Conference on Computer Vision and Pattern Recognition},
  pages={11763--11773},
  year={2020}
}
@article{bojarski2016end,
  title={End to end learning for self-driving cars},
  author={Bojarski, Mariusz and Del Testa, Davide and Dworakowski, Daniel and Firner, Bernhard and Flepp, Beat and Goyal, Prasoon and Jackel, Lawrence D and Monfort, Mathew and Muller, Urs and Zhang, Jiakai and others},
  journal={arXiv preprint arXiv:1604.07316},
  year={2016}
}