@online{muratt_yucedag,
	author       = {Murat Yücedağ},
	title        = {Murat Yücedağ YouTube Kanalı},
	year         = {YYYY}, % Yayın yılı
	url          = {https://www.youtube.com/MurattYucedag},
	note         = {Erişim Tarihi: DD Ay YYYY} % Erişim tarihi
}
@online{chatgpt,
	author    = {OpenAI},
	title     = {ChatGPT},
	year      = {2022},
	url       = {https://openai.com/gpt},
	urldate   = {2024-03-21}
}
@online{datatables,
	author = {DataTables},
	title = {DataTables},
	year = {2024},
	url = {https://datatables.net/},
	note = {Erişim Tarihi: 2024-04-22}
}
@online{bootstrap,
	author = {Bootstrap},
	title = {Bootstrap},
	year = {2024},
	url = {https://getbootstrap.com/docs/5.3/getting-started/introduction/},
	note = {Erişim Tarihi: 2024-04-22}
}
