

%yamamura 1993
@article{yamamura1993nurse,
  title={Nurse scheduling by genetic algorithms},
  author={Yamamura, M and Kobayash, S and Yamagishi, M and Ase, H},
  journal={Hiroaki Kitano: Genetic Algorithms},
  volume={2},
  pages={89--125},
  year={1993}
}

%bailey1997
@article{bailey1997using,
  title={Using simulated annealing and genetic algorithms to solve staff-scheduling problems},
  author={Bailey, RN and Garner, KM and Hobbs, MF},
  journal={Asia-Pacific Journal of Operational Research},
  volume={14},
  number={2},
  pages={27},
  year={1997},
  publisher={World Scientific Publishing Co. Pte., Ltd.}
}


@article{kuccuk2021hemcsire,
  title={Hem{\c{s}}ire {\c{c}}izelgeleme problemlerinin genetik algoritmalarla optimizasyonu ve bir uygulama},
  author={K{\"u}{\c{c}}{\"u}k, Ahsen and KOCAKO{\c{C}}, {\.I}pek DEVEC{\.I}},
  journal={Manisa Celal Bayar {\"U}niversitesi Sosyal Bilimler Dergisi},
  volume={19},
  number={Arma{\u{g}}an Say{\i}s{\i}},
  pages={203--210},
  year={2021},
  publisher={Manisa Celal Bayar University}
}

@article{kuccuk2021hemcsire,
  title={Hem{\c{s}}ire {\c{c}}izelgeleme problemlerinin genetik algoritmalarla optimizasyonu ve bir uygulama},
  author={K{\"u}{\c{c}}{\"u}k, Ahsen and KOCAKO{\c{C}}, {\.I}pek DEVEC{\.I}},
  journal={Manisa Celal Bayar {\"U}niversitesi Sosyal Bilimler Dergisi},
  volume={19},
  number={Arma{\u{g}}an Say{\i}s{\i}},
  pages={203--210},
  year={2021},
  publisher={Manisa Celal Bayar University}
}

@mastersthesis{elen2011ccizelgeleme,
  title={{\c{C}}izelgeleme probleminin sezgisel optimizasyon yakla{\c{s}}{\i}m{\i}yla {\c{c}}{\"o}z{\"u}m{\"u}},
  author={Elen, Abdullah},
  year={2011},
  school={Fen Bilimleri Enstit{\"u}s{\"u}}
}
@book{holland1992adaptation,
  title={Adaptation in natural and artificial systems: an introductory analysis with applications to biology, control, and artificial intelligence},
  author={Holland, John H},
  year={1992},
  publisher={MIT press}
}
@book{holland1992adaptation,
  title={Adaptation in natural and artificial systems: an introductory analysis with applications to biology, control, and artificial intelligence},
  author={Holland, John H},
  year={1992},
  publisher={MIT press}
}
@article{birougul2005genetik,
  title={Genetik algoritma yakla{\c{s}}{\i}m{\i}yla at{\"o}lye {\c{c}}izelgeleme},
  author={Biro{\u{g}}ul, Serdar},
  journal={Gazi {\"U}niversitesi Fen Bilimleri Enstit{\"u}s{\"u} Y{\"u}ksek Lisans Tezi, Gazi {\"U}niversitesi Fen Bilimleri Enstit{\"u}s{\"u}, ANKARA, Ocak},
  year={2005}
}
@mastersthesis{elen2011ccizelgeleme,
  title={{\c{C}}izelgeleme probleminin sezgisel optimizasyon yakla{\c{s}}{\i}m{\i}yla {\c{c}}{\"o}z{\"u}m{\"u}},
  author={Elen, Abdullah},
  year={2011},
  school={Fen Bilimleri Enstit{\"u}s{\"u}}
}
@mastersthesis{aydemir2009atolye,
  title={At{\"o}lye tipi {\c{c}}izelgeleme problemlerinin {\"o}ncelik kural{\i} tabanl{\i} genetik algoritma yakla{\c{s}}{\i}m{\i}yla sim{\"u}lasyon destekli optimizasyonu},
  author={Aydemir, Erdal},
  year={2009},
  school={Fen Bilimleri Enstit{\"u}s{\"u}}
}
@mastersthesis{elen2011ccizelgeleme,
  title={{\c{C}}izelgeleme probleminin sezgisel optimizasyon yakla{\c{s}}{\i}m{\i}yla {\c{c}}{\"o}z{\"u}m{\"u}},
  author={Elen, Abdullah},
  year={2011},
  school={Fen Bilimleri Enstit{\"u}s{\"u}}
}
@book{holland1992adaptation,
  title={Adaptation in natural and artificial systems: an introductory analysis with applications to biology, control, and artificial intelligence},
  author={Holland, John H},
  year={1992},
  publisher={MIT press}
}
@book{holland1992adaptation,
  title={Adaptation in natural and artificial systems: an introductory analysis with applications to biology, control, and artificial intelligence},
  author={Holland, John H},
  year={1992},
  publisher={MIT press}
}
@article{birougul2005genetik,
  title={Genetik algoritma yakla{\c{s}}{\i}m{\i}yla at{\"o}lye {\c{c}}izelgeleme},
  author={Biro{\u{g}}ul, Serdar},
  journal={Gazi {\"U}niversitesi Fen Bilimleri Enstit{\"u}s{\"u} Y{\"u}ksek Lisans Tezi, Gazi {\"U}niversitesi Fen Bilimleri Enstit{\"u}s{\"u}, ANKARA, Ocak},
  year={2005}
}



@article{aickelin2004indirect,
  title={An indirect genetic algorithm for a nurse-scheduling problem},
  author={Aickelin, Uwe and Dowsland, Kathryn A},
  journal={Computers \& operations research},
  volume={31},
  number={5},
  pages={761--778},
  year={2004},
  publisher={Elsevier}
}

%Duenas
@article{duenas2009genetic,
  title={A genetic algorithm approach to the nurse scheduling problem with fuzzy preferences},
  author={Duenas, Alejandra and T{\"u}t{\"u}nc{\"u}, G Yazg{\i} and Chilcott, James B},
  journal={IMA Journal of Management Mathematics},
  volume={20},
  number={4},
  pages={369--383},
  year={2009},
  publisher={OUP}
}
%Balekar
@article{balekar2013survey,
  title={Survey of genetic algorithm approach for nurse scheduling problem},
  author={Balekar, Swapnaja S and Mhetre, NA},
  journal={International Journal of Science and Research},
  volume={4},
  number={6},
  pages={55--62},
  year={2013}
}

@misc{Tobs80,
    author = {Tobs80},
    title = {Schedule with Genetic Algorithms main},
    howpublished = {\url{https://github.com/Tobs80/Schedule-with-Genetic-Algorithms/blob/main/main.py}},
    note = {Erişim Tarihi: 01 Mayıs 2024},
}


%leksakul
@article{leksakul2014nurse,
  title={Nurse scheduling using genetic algorithm},
  author={Leksakul, Komgrit and Phetsawat, Sukrit and others},
  journal={Mathematical Problems in Engineering},
  volume={2014},
  year={2014},
  publisher={Hindawi}
}

%kim
@article{kim2018genetic,
  title={Genetic local search for nurse scheduling problem},
  author={Kim, Jin and Jeon, Wooram and Ko, Young-Woong and Uhmn, Saangyong and Kim, Dong-Hoi},
  journal={Advanced Science Letters},
  volume={24},
  number={1},
  pages={608--612},
  year={2018},
  publisher={American Scientific Publishers}
}
%Alfadilla2019
@inproceedings{alfadilla2019optimization,
  title={Optimization of nurse scheduling problem using genetic algorithm: a case study},
  author={Alfadilla, N and Sentia, PD and Asmadi, D and others},
  booktitle={IOP Conference Series: Materials Science and Engineering},
  volume={536},
  number={1},
  pages={012131},
  year={2019},
  organization={IOP Publishing}
}

@incollection{inancc2020solving,
  title={Solving nurse scheduling problem via genetic algorithm in home healthcare},
  author={{\.I}nan{\c{c}}, {\c{S}}ahin and {\c{S}}enaras, Arzu Eren},
  booktitle={Transportation, Logistics, and Supply Chain Management in Home Healthcare: Emerging Research and Opportunities},
  pages={20--28},
  year={2020},
  publisher={IGI Global}
}

@article{kuccuk2021hemcsire,
  title={Hem{\c{s}}ire {\c{c}}izelgeleme problemlerinin genetik algoritmalarla optimizasyonu ve bir uygulama},
  author={K{\"u}{\c{c}}{\"u}k, Ahsen and KOCAKO{\c{C}}, {\.I}pek DEVEC{\.I}},
  journal={Manisa Celal Bayar {\"U}niversitesi Sosyal Bilimler Dergisi},
  volume={19},
  number={Arma{\u{g}}an Say{\i}s{\i}},
  pages={203--210},
  year={2021},
  publisher={Manisa Celal Bayar University}
}

%kiaplar
@book{holland1992adaptation,
  title={Adaptation in natural and artificial systems: an introductory analysis with applications to biology, control, and artificial intelligence},
  author={Holland, John H},
  year={1992},
  publisher={MIT press}
}
@article{goldberg1987genetic,
  title={Genetic algorithms in pipeline optimization},
  author={Goldberg, David E and Kuo, Chie Hsiung},
  journal={Journal of Computing in Civil Engineering},
  volume={1},
  number={2},
  pages={128--141},
  year={1987},
  publisher={American Society of Civil Engineers}
}

@inproceedings{kelly1991hybrid,
  title={A Hybrid Genetic Algorithm for Classification.},
  author={Kelly Jr, James D and Davis, Lawrence},
  booktitle={IJCAI},
  volume={91},
  pages={645--650},
  year={1991}
}

@misc{mıracöztürk,
    author = {miracöztürk},
    title = {Business Intelligence Specialist},
    howpublished = {\url{https://miracozturk.com/python-ile-siniflandirma-analizleri-genetik-algoritmalar/}},
    note = {Erişim Tarihi: 15 Nisan 2024},
}
@misc{{ingambe,
    author = {ingambe},
    title = {RL-Job-Shop-Scheduling/JSS
/models.py},
    howpublished = {\url{https://github.com/prosysscience/RL-Job-Shop-Scheduling/blob/master/JSS/models.py}},
    note = {Erişim Tarihi: 15 Nisan 2024},
}
%Hastane 
@misc{evliyacelebieah.saglik.gov.tr,
author = {Türkiye Cumhuriyeti},
title = {T.C. Sağlık Bakanlığı Kütahya Sağlık Bilimleri Üniversitesi Evliya Çelebi Eğitim ve Araştırma Hastanesi },
year = {1964 )}, 
howpublished = "\url{https://evliyacelebieah.saglik.gov.tr/}"}