@article{wang2022augmented,
  title={Augmented reality (AR) app use in the beauty product industry and consumer purchase intention},
  author={Wang, Yining and Ko, Eunju and Wang, Huanzhang},
  journal={Asia Pacific Journal of Marketing and Logistics},
  volume={34},
  number={1},
  pages={110--131},
  year={2022},
  publisher={Emerald Publishing Limited}
}

@article{karadayi2024role,
  title={Role of artificial intelligence and augmented reality in fashion industry from consumer perspective: Sustainability through waste and return mitigation},
  author={Karadayi-Usta, Saliha},
  journal={Engineering Applications of Artificial Intelligence},
  volume={133},
  pages={108114},
  year={2024},
  publisher={Elsevier}
}

@online{flo,
  author = {Author FLO},
  title = {FLO see it on your feet},
  url = {https://www.flo.com.tr/},
  urldate = {Date Accessed},
  year = {12.09.2017/12.09.2017}
}

@online{ikea,
  author = {Author/ Ikea},
  title = {ikea place},
  url = {https://www.ikea.com/global/en/newsroom/innovation/ikea-launches-ikea-place-a-new-app-that-allows-people-to-virtually-place-furniture-in-their-home-170912/},
  urldate = {Date Accessed},
  year = {12.09.2017/ 12.09.2017}
}
@online{snapchat,
  author = {Author/ Snapchat},
  title = {SnapChat },
  url = {https://www.snapchat.com/tr-TR},
  urldate = {Date Accessed},
  year = {12.09.2017/ 12.09.2017}
}
@online{googleMap,
  author = {Author/ GoogleMap},
  title = {Googlemapp },
  url = {https://www.snapchat.com/tr-TR},
  urldate = {Date Accessed},
  year = {12.09.2017/ 12.09.2017}
}
@online{GitHub,
  author = {Author GitHub},
  title = {Encyclopedia},
  url = {https://github.com/Priyanshu-CODERX/AR001P3-AR-Encyclopedia},
  urldate = {Date Accessed},
  year = {12.09.2017/12.09.2017}
}
@online{Encyclopedia,
  author = {Author Encyclopedia},
  title = {Augmented Reality for Everyone - Full Course},
  url = {https://www.youtube.com/watch?v=WzfDo2Wpxks&t=37395s},
  urldate = {Date Accessed},
  year = {12.09.2017/12.09.2017}
}
@online{drive,
  author = {Author drive},
  title = {FurnishAR},
  url = {https://drive.google.com/file/d/1939fqf6O9rml9M8r5Uj1B8LC0Nwmtmom/view},
  urldate = {Date Accessed},
  year = {12.09.2017/12.09.2017}
}
@online{FurnishAR,
  author = {Author FurnishAR},
  title = {Project-Based Augmented Reality Course with Unity Engine and AR Foundation},
  url = {https://www.youtube.com/watch?v=FJAO6jDYljs},
  urldate = {Date Accessed},
  year = {12.09.2017/12.09.2017}
}
@online{MediaPipe,
  author = {Author MediaPipe},
  title = {MediaPipe The Ultimate Guide to Video Processing},
  url = {https://learnopencv.com/introduction-to-mediapipe/},
  urldate = {Date Accessed},
  year = {12.09.2021/3.04.2024}
}
@online{ARFoundation,
  author = {Author ARFoundation},
  title = {AR Foundation Tutorial},
  url = {https://www.kodeco.com/14808876-ar-foundation-in-unity-getting-started},
  urldate = {Date Accessed},
  year = {12.09.2021/3.04.2024}
}
@online{Youtube,
  author = {Author ARFoundation},
  title = {ARKit 3 with Unity3d AR Foundation and Body Tracking to Generate A Real-time Body Skeleton},
  url = {https://www.youtube.com/watch?v=CdC3ZgppSp0&list=PLYqagOUB3__68UGe77jMnzWYYITOfxs3F&index=2},
  urldate = {Date Accessed},
  year = {12.09.2020/3.04.2024}
}

@online{3dPointCloud,
  author = {Author 3dPointCloud},
  title = {3D Point Cloud nuitrack},
  url = {https://www.youtube.com/watch?app=desktop&v=lKutlO8Ibmc},
  urldate = {Date Accessed},
  year = {12.09.2017/3.04.2024}
}
@online{3DiVi,
  author = {Author 3DiVi},
  title = {What is Nuitrackâ„¢SDK?},
  url = {https://github.com/3DiVi/nuitrack-sdk/blob/master/doc/Overview.md},
  urldate = {Date Accessed},
  year = {12.09.2021/3.04.2024}
}
@online{3DiViBasic,
  author = {Author 3DiViBasic},
  title = {Creating your First Unity Project using Nuitrack SDK},
  url = {https://github.com/3DiVi/nuitrack-sdk/blob/master/doc/img/Ubasic_image10.gif},
  urldate = {Date Accessed},
  year = {12.09.2021/3.04.2024}
}
@online{Vuforia,
  author = {Author Vuforia},
  title = {Vuforia Engine Developer Portal},
  url = {https://developer.vuforia.com/vui/develop/dashboard},
  urldate = {Date Accessed},
  year = {12.09.2021/3.04.2024}
}
