@misc{kapakfoto,
	author = {bing},
	title = {{yapayzeka}},
	howpublished = "\url{https://www.bing.com/images/create/recognizing-objects-and-finding-their-actual-size-/1-664e2694d0f84d9ea6437a3191f47728?darkschemeovr=1&FORM=GUH2CR/}"
}
@misc{Augmentation1,
	author = {Sourav Kumar},
	title = {{Data Augmentation Increases Accuracy of your model}},
	howpublished =
	"\url{https://medium.com/secure-and-private-ai-writing-challenge/data-augmentation-increases-accuracy-of-your-model-but-how-aa1913468722/}",
	year = {2022}
}
@misc{roboflowvideo,
	title={Roboflow İle Veri Seti Hazırlama},
	author={Özgür kan},
	journal={roboflow nasıl kullanılır?},
	year={ 2023},
	howpublished ="\url{https://www.youtube.com/watch?v=lz_MITUBie8/}"
}
@misc{yolov8,
	title={Ultralytics YOLO Dokümanlar},
	author={Ultralytics},
	year={ 2024},
	howpublished ="\url{https://docs.ultralytics.com/tr/models/yolov8/}"
}
@misc{OPENCV,
	title={OpenCV Nedir?},
	author={ BetUl Aksu},
	year={ 2022},
	howpublished ="\url{https://www.siberegitmen.com/opencv-nedir-neler-yapilabilir/}"
}
@misc{Roboflow,
	title={Roboflow Nedir?},
	year={ 2024},
	howpublished ="\url{https://roboflow.com/}"
}
@misc{mediumcom,
	title={YOLO Algoritması nedir?},
	author={Ece Akdağlı},
	journal={yolo},
	year={2021},
	howpublished ="\url{https://ece-akdagli.medium.com/yolo-algoritması-nedir-859862c7d5a6#:~:text=YOLO%20algoritması%20nasıl%20çalışır%3F,için%20belirli%20bir%20koşul%20yoktur.}"
}
@misc{Nesne-Boyutunu-Bulma-Adımları,
	author = {muratgülcan},
	title = {{Nesne Boyut}},
	howpublished = "\url{https://medium.com/@muratgulcan/opencv-kullanarak-görüntülerde-temel-işlemler-da90b59ba2ef/}",
	year = {2023}, 
	note = "[Online; accessed 03-nisan-2024]"
}
@misc{Augmentation1,
	author = {Sourav Kumar},
	title = {{Data Augmentation Increases Accuracy of your model}},
	howpublished =
	"\url{https://medium.com/secure-and-private-ai-writing-challenge/data-augmentation-increases-accuracy-of-your-model-but-how-aa1913468722/}",
	year = {2022}, 
	note = "[Online; accessed 25-mayıs-2024]"
}

@misc{Augmentation2,
	author = {wikipedia},
	title = {{Data augmentation}},
	howpublished =
	"\url{https://en.wikipedia.org/wiki/Data_augmentation/}",
	year = {2022}, 
	note = "[Online; accessed 25-mayıs-2024]"
}

@misc{Augmentation3,
	author = {Pouya Hallaj},
	title = {{Data Augmentation: Benefits and Disadvantages}},
	howpublished =
	"\url{https://medium.com/@pouyahallaj/data-augmentation-benefits-and-disadvantages-38d8201aead/}",
	year = {2023}, 
	note = "[Online; accessed 25-mayıs-2024]"
}

@misc{Augmentation4,
	author = {Pranjal Ostwal},
	title = {{Data Augmentation for Computer Vision}},
	howpublished =
	"\url{https://pranjal-ostwal.medium.com/data-augmentation-for-computer-vision-b88b818b6010/}",
	year = {2023}, 
	note = "[Online; accessed 25-mayıs-2024]"
}
@misc{PIL,
	author = {wikipedia},
	title = {{wikipedia}},
	howpublished = "\url{https://tr.wikipedia.org/wiki/Python_Imaging_Library#:~:text=Python%20Imaging%20Library%20(k%C4%B1saca%20PIL,bir%20grafik%20i%C5%9Fleme%20imk%C3%A2n%C4%B1%20sunar./}",
}
@misc{Nesne-Boyutlandırma,
	author = {Innat},
	title = {{Drawing bounding rectangles around multiple objects in binary image in python}},
	howpublished = "\url{https://stackoverflow.com/questions/63923800/drawing-bounding-rectangles-around-multiple-objects-in-binary-image-in-python/}",
	year = {2022}

}
@misc{Nesne-Boyutlandırma-pixel,
	author = {AziMez},
	title = {{Get number of pixels of each object in image}},
	howpublished = "\url{https://stackoverflow.com/questions/74855384/get-number-of-pixels-of-each-object-in-image/74856225#74856225/}",
	year = {2022}

}
@misc{ultralytics,
	title={Documentation},
	author={abirami-vina and glenn-jocher},
	journal={yolo},
	year={2019},
	howpublished = "\url{https://medium.com/deep-learning-turkiye/yolo-algoritmasını-anlamak-290f2152808f}"
}
@misc{Segmentasyon,
	title={Görüntü Segmentasyonu},
	author={yentur},
	journal={Anlamsal Segmentasyon,Instance Segmentation},
	year={2021},
    howpublished = "\url{https://medium.com/move-on-ai/g%C3%B6r%C3%BCnt%C3%BC-segmentasyonu-ba193b168a1b}"
}
@misc{antropometrinedir,
	title={Antropometri Nedir?},
	author={Serdar Korkut},
	journal={nesne},
	year={8 Ağustos 2017},
	 howpublished = "\url{https://www.serdarkorkut.com/2017/08/08/antropometri-nedir/}"
}
